2479 3508
1525 0 2115 47 ARCHIVO GENERAL DE LA NACIÓN
1731 20 2077 125 HEMEROTECA
848 208 1543 396 FEMINA
499 434 1896 512 REVISTA DE LITERATURA, CIENCIAS Y ARTES
769 494 1610 588 CONSAGRADA A LA MUJER.
823 581 1561 666 DIRECTORA ADMINISTRADORA:
722 646 1670 745 PETRONILA ANGELICA GOMEZ.
1017 709 1366 778 Maestra Normal.
1029 812 1366 890 REDACTORES:
716 863 1670 950 MARIA L ANGELIS DE CANINO,
297 928 2095 1009 PETRONILA A. GOMEZ. CONSUELO MONTALVO DE FRRIAS.
199 1044 411 1120 Año 2
796 1040 1650 1111 San Pedro de Macorís, Diciembre 15 de 1923
1992 1040 2185 1118 Nro. 33
557 1163 1843 1313 FEMINISMO Y MUJERES.
376 1382 1174 1483 NO hay duda de que el feminismo
394 1471 1174 1532 latino difiere mucho del de otras
394 1523 1163 1590 razas; la mujer latina es esencial-
400 1586 1181 1646 mente mujer, madre y esposa; su
400 1632 1170 1711 reino soberano es el hogar, y fue-
400 1686 1170 1767 ra de él no encuentra nada que
170 1731 633 1811 atraiga su voluntad...
219 1762 1167 1865 Chile, es de los países Sud-Americanos,
168 1847 1165 1910 aquel en que mas rápidamente se ha efec-
177 1899 1176 1959 tuado la evolución de la mujer y donde el
168 1952 1179 2028 feminismo se ha extendido en todas las
170 2006 543 2086 esferas sociales.
215 2046 1176 2124 La mujer chilena se ha distinguido siem-
179 2113 1176 2174 pre por su refinada cultura, su energía varo-
168 2160 1176 2216 nil y su gran corazón; en el pasado, brilla-
177 2212 1161 2285 fon los nombres de Doña María Cotapos y
172 2268 1176 2330 Javiera Carreras, esposa una y hermana la
172 2319 1176 2391 otra de Juan José Carreras, prócer de la
172 2370 1176 2429 independencia; Rosario Rosales, que niña
170 2426 1174 2482 aun burló a las autoridades españolas para
172 2476 1170 2545 acompañar al destierro a su anciano padre.
226 2525 1167 2599 Paula Jara Quemada que ofreció ella mis-
177 2585 1174 2654 ma el fuego para incendiar su casa; yel
179 2630 1172 2708 pecho a las balas realistas antes que descu-
181 2688 1163 2766 brir a los enemigos el patriota que se esco--
172 2735 1158 2795 día en la bodega de su casa. Manueli Ro-
179 2791 1172 2858 jas, que al ser sorprendida leyendo una
177 2838 1170 2903 carta comprometedora para la causa de la
172 2889 1176 2956 libertad, no vaciló en tragársela antes que
179 2938 1174 3010 entregarla, después de lo cual dijo burlona-
177 2997 1172 3068 mente a su perseguidor: "Ahora si quereis-
177 3050 1158 3113 saber lo que decía, hacedme la autosia”, y
177 3104 1170 3182 muchas otras que contribuyeron con su he-
1218 1391 2075 1485 roismo al triunfo de la independencia.
1268 1463 2216 1527 Sinembargo, una red de prejuicios envol-
1214 1527 2221 1588 vía a las mujeres impidiéndoles extender en
1219 1577 2223 1641 toda su amplitud las alas de su inteligencia.
1214 1628 2225 1688 y de su espíritu; las conveniencias sociales
1214 1677 2212 1742 la rodeaban con un círculo difícil de fran-
1219 1733 1373 1809 quear.
1261 1747 2221 1852 Hace medio siglo una dama de la alta.
1210 1843 2227 1901 sociedad rompió el primer anillo de ese
1212 1890 2216 1946 cerco publicando un libro y que fué como
1219 1943 2225 1999 los acordes de una diana que despertara a
1210 1999 2221 2053 la mujer de su somnolencia. La escritora
1214 2051 2218 2107 era entonces una niña; se llamaba Martina.
1221 2104 2221 2169 Banos y su esposo que entonces era novio,
1212 2156 2218 2218 el Dr. Onego Luco, hombre de gran talento
1279 2207 2227 2263 vasta ilustración, la ayudó y alentó con su
1218 2259 2171 2321 cooperación en aquella audaz publicación.
1259 2312 2218 2379 Aquel libro fué la primera voz femenina-
1214 2379 2218 2435 que se alzaba, no para hacer literatura, sino
1219 2426 2218 2493 para llamar a las mujeres a un nuevo día
1214 2476 2218 2543 y desde entonces, ecos aislados y tímidos
1210 2536 2203 2596 repitieron aquella voz; parecían esas voces
1214 2583 2218 2645 perdidas en la selva de prejuicios, pero no
1218 2639 2209 2708 era así; mentalidades femeninas desperta-
1212 2686 2212 2746 ban y viendo clarear en el horizonte el res-
1225 2742 2218 2802 plandor de una aurora, no se enarbolaban
1214 2800 2218 2865 un estandarte de combate sino de Paz, a
1218 2847 2216 2896 cuya sombra los hombres se sentaron, en-
1212 2896 2216 2968 cantados de hallar en la mujer nueva que
1210 2968 2214 3019 surgía al calor del Club, no a la mujer nece-
1214 3010 2212 3059 saria al hogar doméstico, sino a la compa-
1214 3057 2212 3120 ñiera, colaboradora y amiga, que no se dele-
1214 3108 2218 3187 ga al destino de ama de llaves y máquina.
