2479 3508
295 123 557 212 Fémina
2083 121 2290 232 Página 2
732 204 1838 323 LIRIOS MIOS.  Para"Fémina”
407 374 1128 496 Indiscreción
248 509 961 583 Si al pasar cual viajero dilijente
261 576 1056 645 por el rincón de las nostalgias mías,
258 633 1029 707 escribiera una pájina en tu frente,
258 684 1111 760 de amorosos recuerdos.., qué dirías..?
247 751 979 862 Si fuera con un beso de repente,
255 849 962 918 detrás de tus verdosas celosías,
248 870 1109 965 a humedecer tus labios... ¿del ausente.
255 951 982 1044 en ese instante te recordarías...
247 1016 982 1131 Si traspusiera tu ventana en una
255 1085 1158 1175 de esas noches de ausencia gris de luna,
248 1164 1140 1255 al verme en la penumbra,, qué dirías...?
247 1231 1102 1335 Hientras te viese yo desnuda y sola,y
248 1326 987 1386 con picaresca gracia de manola.
250 1372 1049 1459 en vez de despedirme... te reirias..?
1473 382 2163 503 Amo la Soledade
1306 502 2253 598 Voy por las calles solo, trémulo y dolorido;
1299 583 2209 658 la canalla se agolpa y charla en el hotel,
1311 641 2188 705 y huyendo del bullicio alegre del Placer.
1293 698 2206 790 busco la soledad de la fuente y el nido...
1297 751 2170 851 No soy ún pesimista que vive retraído
1311 836 2227 899 para negar al mundo con gárrulo desdén,
1310 893 2242 953 y si en algunas tardes por el camino erré,
1299 943 2283 1022 fué para recordar los sueños que he vivido.
1302 1013 2087 1102 Amo la soledad del río y del pinar;
1299 1082 2325 1161 iporque amo la vida de Horacio o de Fray Luis
1303 1147 2225 1224 de León, embriagadas de campesina paz,
1299 1204 2217 1282 detesto altivamente las charlas del hotel,
1306 1268 2188 1332 y huyendo del bullicio alegre del Placer,
1308 1314 2316 1397 idialogo con las musas de mi interior jardín..!
1299 1379 1568 1471 Higuey, R. D.
1810 1376 2280 1481 PEDRO E. DICOUDRAY.
248 1499 1260 1568 incubadora de hijos; sino que se consulta
256 1561 1257 1634 para los negocios, que sabe dar el consejo
258 1621 1264 1675 sabio o la frase de consuelo, que comparte,
258 1666 1257 1743 sus preocupaciones, no por instinto sino por
248 1721 757 1788 asimilación espiritual.
302 1745 1262 1838 Así pues desde su comienzo este feminis-
247 1819 1260 1896 mo no ha seguido las huellas de sus precur-
251 1876 1257 1948 soras de otra raza, sino que tomando de
248 1936 1260 1998 aquéllas solo lo que armonizaba con su tan
251 1988 1263 2041 diferente educación, ha hecho un feminismo.
251 2042 1259 2100 con faldas, que no arma a la mujer contra
248 2092 1251 2162 el hombre, sino que le acerca mas a él,
258 2143 1259 2210 robusteciendo los lazos espirituales que son
261 2191 1260 2271 los que mas fuertemente consolidan y atan-
251 2245 874 2316 la hermosa vida del hogar.
290 2294 1251 2365 La mujer chilena no aspira a derechos
263 2348 1245 2422 políticos ni a sacar tal o cual candidato,
256 2410 1252 2480 porque sabe muy bien que cualquiera que
255 2464 1252 2534 sea el elegido tiene a su lado una mujer, ya
247 2508 1256 2596 sea la madre, la esposa o la amiga que le
255 2567 1256 2644 murmura al oído una palabra suave y per-
254 2625 1246 2687 suasiva: "Feminismo palabra que el hom-
254 2662 1262 2726 bre no teme, porque no le sabe a pedradas.
247 2712 1245 2802 en los cristales del Congreso, sino a perfu-
247 2763 847 2844 me esparcido en el hogar.
307 2810 1259 2898 Y es por eso que ellos mismos abogan-
247 2873 1249 2946 hoy por nuestra libertad civil. Un inteli-
244 2927 1244 3003 gente y joven abogado cuyo nombre no se
247 2986 1252 3054 podía dejar en el tintero al escribir de estas
250 3037 1249 3106 cosas, hizo por medio de la prensa una
244 3079 1246 3168 activa campaña en pro de los derechos civi-
1299 1512 2304 1576 les de la mujer, y hoy día, tres señores se-
1297 1570 2301 1641 nadores, que son tres eminencias en las ac-
1306 1623 2305 1682 tividades políticas del pais, han presentado
1303 1675 2311 1741 al senado los proyectos de leyes que le da-
1292 1730 2309 1790 rán la independencia económica y la colo-
1299 1787 2312 1871 carán en el marco que requiere su cultura del
1297 1831 1417 1919 hoy.
1357 1854 2309 1945 Son muchas las instituciones femeninas,
1303 1945 2304 2003 que se han levantado en estos últimos años
1306 1995 2304 2056 y cada una de ellas es un grupo de mujeres
1296 2052 2315 2112 conscientes que se preocupan de elevar el ni
1299 2101 2307 2161 vel moral de las que vienen tras ellas for-
1302 2144 2308 2229 mando la interminable cadena humana que
1299 2202 2308 2279 asciende, penosa pero seguramente hacia la
1292 2253 1438 2323 meta.
1350 2282 2297 2377 Es imposible dejar de nombrar algunas de
1295 2355 2297 2432 esas mujeres y de esas instituciones: La
1306 2413 2294 2476 primera es sin duda; la Sra. Echeberria de
1293 2472 2298 2529 Larraín, que acaba de ser investida acadé-
1296 2526 2304 2596 mica y que con el pseudónimo de dirisy llenó:
1303 2581 2291 2640 muchas columnas de «La Nación» con ar-
1299 2627 2289 2693 tículos vibrantes que sacudieron las voluntas
1295 2678 1639 2749 des femeninas.
1347 2716 2301 2797 La señora Luisa Linch de Morla que fué
1296 2781 2303 2840 la iniciadora del “Club de Señoras» ila Sra.
1291 2828 2296 2891 Delia Matte de Izquierdo, que desde su fun-
1293 2886 2301 2967 dación es presidente de ese club. «El Cen-
1295 2945 2304 3013 tro Femenino de Estudios» fundado hace
1296 2997 2304 3062 tres años, por la que esta escribe, y que hoy
1293 3051 2305 3119 día es una institución floreciente que reune
1295 3095 2297 3170 en su casa a centenares de señoras y señori-
