2479 3508
293 102 573 211 Fémina
2078 120 2294 214 Página 4
410 176 2167 354 EN LA CALLE DE LA AMARGURA Y DE LA GIORIA...
952 397 1645 514 A EMILIANO TEJERA.
303 550 644 665 Eran las seis.
306 616 1273 718 Acababa yo de leer, en una hoja perió-
252 677 1271 774 dica, dos pensamientos que me eran muy
255 761 1271 810 conocidos: el uno, efusivo, del alma próce-
255 810 1271 868 ra de Feo. Gregorio Billini; el otro, refle-
257 861 1260 919 xivo, del alma apostólica de Eugenio Ma-
247 909 1268 983 ría de Hostos. Este apóstrofe luminoso
250 965 1268 1026 del soñador estadista: "27 de Febrero de
252 1011 1258 1100 19441 si yo fuera el patriotismo nacional,
255 1077 1265 1133 guardaría tus fiestas para los días en que
252 1131 1268 1189 brillara la virtudi? Este voto de austera
247 1179 1263 1253 moral y de civismo del moralista y maes¬
247 1225 1265 1296 tro.—¿Que no se exhumen ni del suelo del
257 1293 1260 1367 cadalso ni del suelo del destierro los res¬
257 1334 1260 1406 tos de los que, en servicio de la patria,
257 1385 1273 1479 fueron grandes en el peusamiento y en la
252 1436 443 1520 acción!?
313 1454 1278 1553 Y, a solas conmigo mismo, quedéme co-
247 1551 1268 1635 mo inmergido en un piélago de rememora-
247 1607 983 1691 ciones, añoranzas y nostalgias.
311 1711 1271 1823 El estampido del cañón vino entonces a
250 1808 1258 1877 sacárme de aquel momento de sombras.
252 1869 1258 1938 Era la primera salva, la de la vispera,
257 1920 1268 1989 anunciadora del próximo día aniversario
257 1976 1268 2045 de la Independencia. Simultáneamente,
255 2027 1260 2085 sonó el clarín de la Guardia Republicana,
255 2083 1273 2149 con el toque de saludo a la bandera, y me
260 2134 1268 2187 puse de pie y de cara al sur, para ver co-
255 2182 1268 2246 mo descendía del asta erecta, flameando al
260 2231 1255 2309 beso de la brisa del cercano mar cantor
255 2284 1271 2378 la gloriosa enseña de los Trinitarios y los
255 2332 547 2419 Febreristas.
308 2460 1268 2559 El sol, ya casi oculto entre los cendales
252 2549 1268 2623 del crepúsculo vespertino, había estallado
262 2612 1265 2679 en un incendio de oro y púrpura. Parecía
255 2668 1271 2727 un inmenso oriflama, evanescente, y a po-
260 2712 1265 2773 co iba borrándose en el seno de las som-
255 2752 1260 2834 bras. Era la hora en que la tarde se po-
260 2809 1271 2877 ne sus velos de viuda de sol: sus velos de
255 2857 779 2949 profunda melancolía.
313 2898 1271 3017 “Asómese—dijo una voz cariñosa—ya
255 2943 1273 3048 salen de Regina.” Acerquéme al balcón
257 3035 1276 3101 inmediato. Del vecino templo venía un
260 3091 1295 3203 grupo con los restos del prócer Pedro Ale- de la dispersión, de toda suerte de inju-
1306 558 2325 654 jandrino Pina. Cuatro niñas, delante,
1314 647 2312 715 conducían la urna cineraria bajo los plie-
1316 698 2320 766 gues de la bandera nacional; cinco jóve-
1311 749 2330 812 nes, detrás, servíanle de escolta cívica.
1311 800 2330 858 Eran nueve los del piadoso grupo. Diría-
1306 853 2327 927 se un símbolo o un delicado homenaje Al
1319 914 2327 978 pasar por frente al balcón, en donde yo
1306 962 2330 1049 estaba de pié, descubierto, con las manos,
1309 1011 2325 1082 en cruz sobre el pecho, como movidos por
1311 1072 2327 1136 un mismo resorte—acaso el corazón sin
1309 1123 2327 1187 mancilla—los cinco jóvenes de la escolta
1306 1179 2327 1248 de honor se descubrieron, mientras yo me
1306 1230 2325 1316 inclinaba conmovido. Fueron, o son dis-
1304 1281 1622 1360 cípulos míos.
1360 1306 2325 1395 El grupo se alejaba, a lo largo de la
1306 1390 2325 1446 calle José Reyes, y tuve por un instante
1311 1436 2327 1507 la ilusión de que las marciales notas de su
1306 1490 2312 1553 himuo—del himno nacional dominicano—
1306 1546 2322 1614 se oían, apagadas, cual si viniesen de muy
1299 1596 2312 1673 lejos; pero sus estrofas, ahora sin sonido,
1309 1647 2325 1737 vibraban en lo íntimo de mi emoción pa-
1301 1698 2317 1777 triótica, a modo de cordial ofrenda al ve-
1301 1752 2330 1831 hemente tribuno e insigne prócer de la
1299 1813 2327 1900 Independencia y de la Restauración de la
1301 1861 1568 1956 República.
1352 1986 2317 2090 El grupo seguía alejándose, calle arri-
1299 2070 2315 2144 ba, y, al llegar al cruce de ésta con la his-
1306 2134 2322 2200 tórica de la Separación, llegaba allí tam-
1309 2182 2325 2248 bién el séquito que, desde la ría del Oza-
1299 2238 2320 2309 ma, acompañaba la urna portadora de los
1306 2292 2320 2363 restos del bizarro periodista que fué el
1309 2340 2073 2419 prócer trinitario José M. Serra.
1352 2393 1966 2472 ¿Acuerdo o coincidencia?
1352 2442 2322 2516 Fugaz alborozo y honda tristeza, a la
1316 2506 2312 2572 par, sacudieron de raíz todo mi ser, al
1306 2559 2325 2623 notar el para mí inesperado enenentro de
1306 2615 2322 2689 las dos urnas cinerarias en esa principal
1299 2674 2322 2747 arteria de la ciudad antigua, en la misma
1299 2724 2320 2803 calle donde se alza el baluarte épico, tan-
1299 2765 2320 2834 tas veces, toh -dolorl convertida en calle
1299 2824 2317 2903 de la ámargura para dlos tristes destinos».
1350 2875 2322 2946 Pina y Serra, los trinitarios evange
1296 2923 2307 3005 listas del venerable Maestro de nacionali-
1299 2997 2309 3058 dad y de patria, de Duarte el Fundador,
1293 3040 2309 3106 después de las proscripciones, del exilio,
1295 3096 2307 3193 grupo con los restos del prócer Pedro Ale- de la dispersión, de toda suerte de inju-
