2479 3508
199 153 401 237 Página 5
1903 145 2164 239 Fémina
154 235 1156 327 rias del tiempo y de los hombres, caídos
160 316 1158 377 en el seno misericordioso de la muerte,
160 364 1156 424 lejos del hogar deshecho el uno, fuera de
160 422 1149 480 la tierra amada el otro, tardíamante ex-
163 466 1155 532 humados de sendas humildes tumbas sus
160 520 1151 585 respectivos huesos, para ser inhumados
167 579 1156 636 en la capilla consagrada a los próceres
159 635 1156 689 egregios, se encontraban al fin, camino
160 674 1151 735 del épico baluarte, como—de no haberse
172 735 1151 797 visto obligado el primero a huir de las ga-
167 779 1153 851 rras del patíbulo, inminente, con el inicia-
163 836 1136 894 dor y jefe del movimiénto revolucionario—
162 884 1140 968 se habrían hallado juntos en la noche in-
160 937 686 994 mortal del veíntisiete.
203 992 1151 1055 Tal vez al encontrarse en la misma ruta,
163 1048 1155 1114 camino del desagravio y de la gloria, los
159 1098 1146 1163 restos del periodista y los del tribuno, am-
167 1150 1140 1202 bos de la legión trinitaria, se estremecie-
154 1194 1146 1273 ron de póstera complacencia sobre los bra-
159 1257 1143 1341 zos juveniles conductores de una y otra ur-
159 1313 249 1367 nla.
201 1424 1160 1529 E iban ahora las dos comitivas, reunidas
163 1523 1143 1576 en un solo séquito reverente, a colocar am-
169 1566 1159 1632 bas urnas bajo el Arco de Triunfo que es
160 1619 1155 1689 la vetusta Puerta del Conde y su altivo Ba-
160 1672 1155 1741 luarte de Febrero. Desde allí, amorosa-
167 1727 1151 1788 mente cubiertas por la tricolor bandera de
159 1773 1150 1846 la cruz, irán hoy, en paseo cívico triunfal,
163 1834 1153 1891 por la misma calle de la amargura trocada.
160 1887 1158 1956 para ellos en vía de apoteósis a ocupar pues
1192 232 2199 327 to de honor en la Capilla de Inmortales, en
1196 317 2199 370 la Catedral Primada, en donde los esperan
1199 366 2199 422 el intrépido soldado de vanguardia en las
1202 419 2199 476 campañas de la Independencia y la trilogía
1196 471 2199 532 de los héroes máximos de la epopeya liber.
1193 525 2195 586 tadora de la Patria y fundadora de la Re-
1199 576 1401 660 pública.
1240 704 2206 794 Entre tanto, en el silencio místico de la
1193 784 2197 842 hora, dejé correr el discurso, en monólogo
1187 837 2199 893 interno, y resurgió en mi espíritu y vagó
1193 893 2197 952 en mis trémulos labios, para morir en e-
1193 944 2199 1016 llos, este grito del alma, que acaso repercu-
1206 1000 2190 1053 ta todavía en otras almas templadas al ca-
1202 1050 2194 1101 lor del patriotismo sincero: «iOh, Patria
1193 1100 2206 1153 infeliz y dolorosa, que sólo sabes de tus
1196 1154 2198 1237 grandes vivos cuando son tus grandes
1193 1204 1521 1289 muertos!?....
1246 1343 2192 1428 Era ya de noche. La luna en creciente,
1202 1414 2198 1476 pálida y lánguida, acaba de encender su
1199 1470 2190 1526 trunco fanal alabastrino en un jirón ondu-
1193 1514 2103 1573 lante del palio azul purísimo del cielo.
1249 1567 2197 1630 Y, a solas conmigo mismo, quedéme co-
1193 1619 2189 1689 mo inmerjido en un piélago de rememora-
1193 1679 2197 1737 ciones, de añoranzas, de nostalgias; pero
1196 1732 2194 1808 vueltos los ojos del espíritu hacia el por-
1199 1781 1925 1865 venir incierto de la República.
1441 1874 2142 1970 FED. HENRIQUEZ Y CARVAJAL.
741 2074 1608 2199 Nocturmo del Recuerdo.
725 2291 1584 2374 Fragante noche en que el amor desborda
721 2358 1610 2413 y en que el recuerdo a la ilusión se aduna:
721 2408 1459 2458 noche solemne en que la triste luna
721 2443 1447 2522 flores de plata en el silencio borda.
311 2498 1002 2602 El aíre tibio, el claro firmamento,
309 2586 967 2634 la ágreste soledad, todo convida.
306 2608 1044 2697 al vuelo espiritual del pensamiento,
304 2669 992 2742 al sueño azul y la canción florida.
302 2747 994 2820 Todo parece suspirar de amores:
303 2804 989 2866 la nube errante, el pálido lucero,
303 2861 961 2913 el verde rosedal pleno de olores.
306 2895 971 2980 y la torcaz oculta en el sendero.
1187 2502 1913 2598 Surga sutil de la nostalgia obscura.
1191 2587 1842 2636 del grato ayer el juvenil tesoro:
1196 2606 1895 2682 mi vida intensa de pasión fulgura
1192 2673 1919 2755 con suave luz en los antaños de oro.
1187 2730 1882 2818 jOh noche en que solloza la divina?
1187 2814 1836 2873 tristeza misteriosa del pasado!
1187 2860 1836 2902 Hora de la añoranza peregrina,
1187 2905 1943 2961 de la quimera y del abril dorado....
1613 2943 2043 3040 FROILAN TURCIOS.
