<?xml version="1.0" encoding="UTF-8" standalone="yes"?>
<PcGts xmlns="http://schema.primaresearch.org/PAGE/gts/pagecontent/2013-07-15" xmlns:xsi="http://www.w3.org/2001/XMLSchema-instance" xsi:schemaLocation="http://schema.primaresearch.org/PAGE/gts/pagecontent/2013-07-15 http://schema.primaresearch.org/PAGE/gts/pagecontent/2013-07-15/pagecontent.xsd">
    <Metadata>
        <Creator>prov=READ-COOP:name=PyLaia@TranskribusPlatform:version=2.43.0:model_id=558697:lm=none:date=12_05_2026_10:31</Creator>
        <Created>2025-10-15T18:38:24.451+02:00</Created>
        <LastChange>2026-05-30T14:43:54.531+02:00</LastChange>
        <TranskribusMetadata docId="11369059" pageId="104387615" pageNr="6" tsid="290006378" status="IN_PROGRESS" userId="500001" imgUrl="https://files.transkribus.eu/Get?fileType=view&amp;id=ZEVISZHRUXXLHDRWHBYSHLIT" xmlUrl="https://files.transkribus.eu/Get?id=UMUHOIFRLULEAVMPXBBDCQLL" imageId="87597340"/>
    </Metadata>
    <Page imageFilename="0006_p006.jpg" imageWidth="2479" imageHeight="3508">
        <ReadingOrder>
            <OrderedGroup id="ro_1781166547038" caption="Regions reading order">
                <RegionRefIndexed index="0" regionRef="r_2"/>
                <RegionRefIndexed index="1" regionRef="r_1"/>
                <RegionRefIndexed index="2" regionRef="r_6"/>
            </OrderedGroup>
        </ReadingOrder>
        <TextRegion id="r_2" custom="readingOrder {index:0;}">
            <Coords points="1251,239 229,239 229,151 1251,151"/>
            <TextLine id="l_43" custom="readingOrder {index:0;}">
                <Coords points="222,196 280,223 309,215 330,225 375,204 412,215 448,203 503,213 503,136 463,149 433,124 339,163 289,161 242,132 222,139"/>
                <Baseline points="229,194 254,196 279,197 304,195 330,195 355,196 380,197 405,197 431,197 456,197 481,195 507,194"/>
                <TextEquiv>
                    <Unicode>Femina</Unicode>
                </TextEquiv>
            </TextLine>
            <TextEquiv>
                <Unicode></Unicode>
            </TextEquiv>
        </TextRegion>
        <TextRegion id="r_1" custom="readingOrder {index:1;}">
            <Coords points="1251,151 2254,151 2254,239 1251,239"/>
            <TextLine id="l_42" custom="readingOrder {index:0;}">
                <Coords points="2030,198 2090,199 2121,217 2155,195 2183,210 2250,213 2252,140 2218,141 2195,153 2171,133 2129,118 2098,120 2078,137 2051,120 2031,122"/>
                <Baseline points="2039,179 2065,181 2092,182 2119,182 2146,181 2173,179 2200,177 2227,177 2254,179"/>
                <TextEquiv>
                    <Unicode>Página 6</Unicode>
                </TextEquiv>
            </TextLine>
            <TextEquiv>
                <Unicode></Unicode>
            </TextEquiv>
        </TextRegion>
        <TextRegion id="r_6" custom="readingOrder {index:2;}">
            <Coords points="1842,2939 682,2939 682,481 1842,481"/>
            <TextLine id="l_2" custom="readingOrder {index:0;}">
                <Coords points="753,603 1099,629 1703,604 1704,553 1625,519 1233,547 755,521"/>
                <Baseline points="761,591 808,591 855,588 902,594 950,594 997,591 1044,591 1092,591 1139,591 1186,591 1234,591 1281,590 1328,588 1375,588 1423,588 1470,588 1517,586 1565,587 1612,588 1659,588 1707,588"/>
                <TextEquiv>
                    <Unicode>Buen Dios, amo una Rosa.</Unicode>
                </TextEquiv>
            </TextLine>
            <TextLine id="l_3" custom="readingOrder {index:1;}">
                <Coords points="699,720 1736,732 1738,644 1038,682 701,654"/>
                <Baseline points="707,707 758,707 810,707 861,707 913,709 965,707 1016,707 1068,707 1120,707 1171,707 1223,707 1275,707 1326,704 1378,704 1430,701 1481,704 1533,704 1585,704 1636,704 1688,704 1740,704"/>
                <TextEquiv>
                    <Unicode>Buen Dios, amo una rosa. El amor me ha nacido</Unicode>
                </TextEquiv>
            </TextLine>
            <TextLine id="l_4" custom="readingOrder {index:2;}">
                <Coords points="697,788 1712,760 1668,712 697,716"/>
                <Baseline points="704,755 754,752 805,752 855,752 906,752 957,752 1007,752 1058,752 1108,752 1159,752 1210,752 1260,752 1311,752 1361,752 1412,752 1463,751 1513,749 1564,749 1614,749 1665,749 1716,746"/>
                <TextEquiv>
                    <Unicode>Blandamente en el pecho, como un brote florido,</Unicode>
                </TextEquiv>
            </TextLine>
            <TextLine id="l_5" custom="readingOrder {index:3;}">
                <Coords points="697,829 1766,849 1766,790 1695,779 697,794"/>
                <Baseline points="704,826 757,823 810,823 863,824 917,821 970,824 1023,824 1077,824 1130,824 1183,824 1237,824 1290,823 1343,820 1396,818 1450,818 1503,818 1556,816 1610,821 1663,821 1716,823 1770,821"/>
                <TextEquiv>
                    <Unicode>Que asombra con su gracia praderas desvastadas..</Unicode>
                </TextEquiv>
            </TextLine>
            <TextLine id="l_6" custom="readingOrder {index:4;}">
                <Coords points="702,900 1662,889 1662,838 1602,830 702,831"/>
                <Baseline points="710,868 757,868 805,871 853,870 901,867 948,866 996,867 1044,865 1092,865 1139,865 1187,865 1235,865 1283,865 1330,865 1378,865 1426,865 1474,865 1521,865 1569,865 1617,866 1665,871"/>
                <TextEquiv>
                    <Unicode>De tu jardín terreno de estrellas perfumadas,</Unicode>
                </TextEquiv>
            </TextLine>
            <TextLine id="l_7" custom="readingOrder {index:5;}">
                <Coords points="699,950 1513,950 1513,894 699,898"/>
                <Baseline points="707,940 747,940 787,940 828,940 868,938 909,937 949,937 990,937 1030,937 1071,937 1111,937 1151,937 1192,935 1232,934 1273,934 1313,935 1354,937 1394,936 1435,934 1475,934 1516,937"/>
                <TextEquiv>
                    <Unicode>A la mas dulce y rica en virginal rocío,</Unicode>
                </TextEquiv>
            </TextLine>
            <TextLine id="l_8" custom="readingOrder {index:6;}">
                <Coords points="697,1009 1673,1001 1654,942 1184,947 1145,975 697,951"/>
                <Baseline points="704,985 752,985 801,985 849,985 898,985 947,983 995,982 1044,985 1093,985 1141,985 1190,985 1239,984 1287,982 1336,982 1385,982 1433,982 1482,982 1531,982 1579,982 1628,982 1677,982"/>
                <TextEquiv>
                    <Unicode>Amo, y ella me ama. Hazme bueno, Dios mío.</Unicode>
                </TextEquiv>
            </TextLine>
            <TextLine id="l_9" custom="readingOrder {index:7;}">
                <Coords points="699,1065 1740,1077 1720,979 1543,1024 701,1011"/>
                <Baseline points="707,1053 758,1050 810,1053 862,1053 914,1054 966,1054 1017,1055 1069,1056 1121,1053 1173,1056 1225,1055 1276,1053 1328,1053 1380,1053 1432,1053 1484,1053 1535,1052 1587,1050 1639,1050 1691,1053 1743,1050"/>
                <TextEquiv>
                    <Unicode>Es tan bella y tan pura, que al mirarla sorprende</Unicode>
                </TextEquiv>
            </TextLine>
            <TextLine id="l_10" custom="readingOrder {index:8;}">
                <Coords points="697,1132 1641,1123 1652,1072 698,1067"/>
                <Baseline points="704,1098 751,1098 798,1098 846,1098 893,1098 941,1099 988,1100 1036,1098 1083,1098 1131,1098 1178,1098 1225,1098 1273,1098 1320,1098 1368,1098 1415,1098 1463,1098 1510,1095 1558,1095 1605,1098 1653,1098"/>
                <TextEquiv>
                    <Unicode>No fuera ala en el éter donde tu luz explende,</Unicode>
                </TextEquiv>
            </TextLine>
            <TextLine id="l_11" custom="readingOrder {index:9;}">
                <Coords points="702,1181 1665,1177 1665,1147 1385,1115 1167,1146 1024,1107 702,1135"/>
                <Baseline points="710,1161 757,1167 805,1167 853,1169 901,1168 949,1169 997,1167 1045,1168 1093,1168 1141,1169 1189,1170 1236,1168 1284,1167 1332,1164 1380,1167 1428,1167 1476,1167 1524,1167 1572,1168 1620,1170 1668,1167"/>
                <TextEquiv>
                    <Unicode>Y en vez de flor ingénua, celeste mariposa....</Unicode>
                </TextEquiv>
            </TextLine>
            <TextLine id="l_12" custom="readingOrder {index:10;}">
                <Coords points="697,1236 1408,1217 1657,1244 1657,1177 697,1178"/>
                <Baseline points="704,1209 751,1215 799,1215 847,1218 895,1218 942,1218 990,1218 1038,1217 1086,1215 1133,1215 1181,1215 1229,1215 1277,1213 1324,1212 1372,1209 1420,1212 1468,1212 1515,1215 1563,1212 1611,1213 1659,1215"/>
                <TextEquiv>
                    <Unicode>Mas, para mí la hiciste. Por eso es una rosa.</Unicode>
                </TextEquiv>
            </TextLine>
            <TextLine id="l_13" custom="readingOrder {index:11;}">
                <Coords points="697,1293 1642,1306 1644,1241 1410,1263 924,1231 772,1260 697,1232"/>
                <Baseline points="704,1283 751,1283 798,1286 845,1286 892,1283 939,1283 986,1283 1033,1284 1080,1285 1127,1283 1174,1283 1221,1283 1268,1281 1315,1280 1362,1280 1409,1280 1456,1282 1503,1283 1550,1283 1597,1283 1645,1280"/>
                <TextEquiv>
                    <Unicode>Y cual de sus hermanas el centro purpurino,</Unicode>
                </TextEquiv>
            </TextLine>
            <TextLine id="l_14" custom="readingOrder {index:12;}">
                <Coords points="697,1348 1525,1358 1592,1349 1594,1303 698,1293"/>
                <Baseline points="704,1331 748,1328 793,1331 837,1331 882,1331 927,1331 971,1331 1016,1331 1061,1331 1105,1331 1150,1331 1195,1331 1239,1328 1284,1331 1329,1328 1373,1328 1418,1328 1463,1328 1507,1328 1552,1328 1597,1328"/>
                <TextEquiv>
                    <Unicode>Brilla al día cuajado de aljófar diamantino,</Unicode>
                </TextEquiv>
            </TextLine>
            <TextLine id="l_15" custom="readingOrder {index:13;}">
                <Coords points="690,1410 1603,1404 1592,1358 1397,1350 1177,1383 785,1352 690,1380"/>
                <Baseline points="698,1400 743,1400 788,1400 834,1400 879,1400 925,1400 970,1400 1015,1400 1061,1400 1106,1400 1152,1400 1197,1400 1242,1400 1288,1397 1333,1397 1379,1397 1424,1397 1469,1397 1515,1400 1560,1400 1606,1397"/>
                <TextEquiv>
                    <Unicode>Advierten mis amores que pusistes en ella</Unicode>
                </TextEquiv>
            </TextLine>
            <TextLine id="l_16" custom="readingOrder {index:14;}">
                <Coords points="694,1473 1773,1481 1773,1396 1636,1387 1540,1419 694,1414"/>
                <Baseline points="701,1444 754,1447 808,1446 862,1444 916,1444 969,1444 1023,1444 1077,1444 1131,1444 1184,1444 1238,1444 1292,1444 1346,1444 1399,1444 1453,1444 1507,1444 1561,1444 1614,1442 1668,1442 1722,1444 1776,1444"/>
                <TextEquiv>
                    <Unicode>Sangre ardiente de rosas, pero el alma de estrella.</Unicode>
                </TextEquiv>
            </TextLine>
            <TextLine id="l_17" custom="readingOrder {index:15;}">
                <Coords points="702,1525 1591,1527 1556,1470 702,1475"/>
                <Baseline points="710,1513 754,1513 798,1516 842,1516 886,1513 931,1516 975,1516 1019,1516 1063,1516 1107,1516 1152,1513 1196,1516 1240,1516 1284,1516 1328,1514 1373,1513 1417,1513 1461,1515 1505,1514 1549,1513 1594,1513"/>
                <TextEquiv>
                    <Unicode>Si un obscuro designo de tus leyes fatales</Unicode>
                </TextEquiv>
            </TextLine>
            <TextLine id="l_18" custom="readingOrder {index:16;}">
                <Coords points="697,1590 1618,1586 1605,1525 697,1531"/>
                <Baseline points="704,1561 749,1564 795,1561 841,1561 887,1561 933,1561 979,1561 1024,1561 1070,1561 1116,1561 1162,1561 1208,1560 1254,1558 1300,1559 1345,1560 1391,1558 1437,1558 1483,1558 1529,1559 1575,1561 1621,1564"/>
                <TextEquiv>
                    <Unicode>Circuye en este valle de espinas los rosales,</Unicode>
                </TextEquiv>
            </TextLine>
            <TextLine id="l_19" custom="readingOrder {index:17;}">
                <Coords points="699,1640 1666,1652 1656,1592 699,1602"/>
                <Baseline points="707,1630 755,1633 803,1630 851,1632 899,1629 947,1628 995,1630 1043,1632 1091,1633 1139,1631 1187,1630 1235,1630 1283,1633 1331,1630 1379,1630 1427,1630 1475,1630 1523,1630 1571,1631 1619,1633 1668,1636"/>
                <TextEquiv>
                    <Unicode>Y alguna vez mis manos, impacientes o rudas,</Unicode>
                </TextEquiv>
            </TextLine>
            <TextLine id="l_20" custom="readingOrder {index:18;}">
                <Coords points="702,1701 1603,1696 1603,1650 1531,1637 702,1644"/>
                <Baseline points="710,1674 754,1674 799,1677 844,1677 889,1677 934,1677 978,1677 1023,1677 1068,1677 1113,1677 1158,1677 1202,1677 1247,1677 1292,1677 1337,1677 1382,1674 1426,1674 1471,1674 1516,1674 1561,1677 1606,1677"/>
                <TextEquiv>
                    <Unicode>Por alcanzarla rozan las espinas desnudas,</Unicode>
                </TextEquiv>
            </TextLine>
            <TextLine id="l_21" custom="readingOrder {index:19;}">
                <Coords points="694,1767 1704,1766 1704,1705 1636,1689 1350,1719 694,1695"/>
                <Baseline points="701,1746 751,1746 801,1746 851,1746 902,1747 952,1747 1002,1746 1053,1746 1103,1746 1153,1746 1204,1746 1254,1747 1304,1748 1354,1746 1405,1746 1455,1746 1505,1746 1556,1743 1606,1746 1656,1747 1707,1746"/>
                <TextEquiv>
                    <Unicode>De su aljófar las perlas mas puras y escondidas.</Unicode>
                </TextEquiv>
            </TextLine>
            <TextLine id="l_22" custom="readingOrder {index:20;}">
                <Coords points="702,1809 1665,1817 1665,1773 1601,1757 702,1762"/>
                <Baseline points="710,1791 757,1791 805,1791 853,1794 901,1793 949,1791 997,1791 1045,1791 1093,1791 1141,1793 1189,1792 1236,1791 1284,1793 1332,1791 1380,1791 1428,1791 1476,1791 1524,1787 1572,1786 1620,1791 1668,1791"/>
                <TextEquiv>
                    <Unicode>Cual bálsamo celeste derrama en mis heridas.</Unicode>
                </TextEquiv>
            </TextLine>
            <TextLine id="l_23" custom="readingOrder {index:21;}">
                <Coords points="702,1875 1579,1880 1579,1829 1524,1817 702,1814"/>
                <Baseline points="710,1859 753,1859 797,1862 840,1859 884,1862 928,1862 971,1862 1015,1862 1058,1864 1102,1865 1146,1863 1189,1862 1233,1862 1276,1862 1320,1860 1364,1859 1407,1859 1451,1859 1494,1861 1538,1862 1582,1862"/>
                <TextEquiv>
                    <Unicode>Su férvida coróla, para el mundo cerrada.</Unicode>
                </TextEquiv>
            </TextLine>
            <TextLine id="l_24" custom="readingOrder {index:22;}">
                <Coords points="699,1919 1642,1937 1642,1876 1601,1866 699,1878"/>
                <Baseline points="707,1904 753,1904 800,1904 847,1904 894,1905 941,1907 988,1907 1035,1907 1082,1907 1129,1907 1176,1907 1222,1906 1269,1904 1316,1904 1363,1906 1410,1905 1457,1904 1504,1904 1551,1904 1598,1907 1645,1907"/>
                <TextEquiv>
                    <Unicode>Entreabre, temblorosa, su seno a mi mirada;</Unicode>
                </TextEquiv>
            </TextLine>
            <TextLine id="l_25" custom="readingOrder {index:23;}">
                <Coords points="709,1985 1519,1999 1599,1995 1601,1949 1422,1922 830,1953 710,1930"/>
                <Baseline points="716,1973 760,1979 804,1976 849,1979 893,1979 937,1979 982,1976 1026,1979 1070,1979 1115,1976 1159,1976 1203,1976 1248,1976 1292,1976 1336,1973 1381,1976 1425,1976 1469,1976 1514,1976 1558,1978 1603,1976"/>
                <TextEquiv>
                    <Unicode>Y así oomo tú eres, Señor, todo Harmonía,</Unicode>
                </TextEquiv>
            </TextLine>
            <TextLine id="l_26" custom="readingOrder {index:24;}">
                <Coords points="699,2042 1677,2051 1677,2005 1547,1985 699,1985"/>
                <Baseline points="707,2021 755,2021 804,2024 852,2024 901,2024 950,2024 998,2023 1047,2023 1096,2024 1144,2024 1193,2021 1242,2024 1290,2024 1339,2021 1388,2021 1436,2021 1485,2021 1534,2022 1582,2024 1631,2026 1680,2021"/>
                <TextEquiv>
                    <Unicode>Toda ella está hecha de candor y ambrosía....</Unicode>
                </TextEquiv>
            </TextLine>
            <TextLine id="l_27" custom="readingOrder {index:25;}">
                <Coords points="698,2112 1696,2112 1697,2052 1634,2044 699,2052"/>
                <Baseline points="707,2092 756,2092 806,2091 856,2090 905,2093 955,2095 1005,2095 1054,2093 1104,2092 1154,2092 1204,2092 1253,2092 1303,2091 1353,2089 1402,2089 1452,2089 1502,2089 1551,2089 1601,2089 1651,2089 1701,2095"/>
                <TextEquiv>
                    <Unicode>Por eso, cuando a veces sobre mi rostro siento,</Unicode>
                </TextEquiv>
            </TextLine>
            <TextLine id="l_28" custom="readingOrder {index:26;}">
                <Coords points="699,2163 1716,2169 1716,2098 699,2106"/>
                <Baseline points="707,2137 757,2140 808,2137 858,2137 909,2137 960,2137 1010,2137 1061,2140 1111,2137 1162,2137 1213,2137 1263,2137 1314,2135 1364,2136 1415,2135 1466,2137 1516,2137 1567,2137 1617,2137 1668,2137 1719,2137"/>
                <TextEquiv>
                    <Unicode>Envuelta entre las tímidas caricias de su aliento</Unicode>
                </TextEquiv>
            </TextLine>
            <TextLine id="l_29" custom="readingOrder {index:27;}">
                <Coords points="697,2217 1718,2223 1701,2175 1592,2167 697,2165"/>
                <Baseline points="704,2209 754,2212 805,2211 856,2210 907,2210 957,2209 1008,2209 1059,2209 1110,2209 1160,2209 1211,2209 1262,2209 1313,2209 1363,2209 1414,2209 1465,2206 1516,2206 1566,2207 1617,2209 1668,2207 1719,2209"/>
                <TextEquiv>
                    <Unicode>La pasión que sus labios empurpura y consume,</Unicode>
                </TextEquiv>
            </TextLine>
            <TextLine id="l_30" custom="readingOrder {index:28;}">
                <Coords points="697,2265 1696,2282 1718,2223 697,2222"/>
                <Baseline points="704,2257 754,2257 805,2257 856,2257 907,2257 957,2254 1008,2257 1059,2257 1110,2256 1160,2254 1211,2254 1262,2254 1313,2251 1363,2251 1414,2251 1465,2251 1516,2251 1566,2251 1617,2251 1668,2254 1719,2251"/>
                <TextEquiv>
                    <Unicode>(Buen Dios, es una rosa de carne y de perfume)”</Unicode>
                </TextEquiv>
            </TextLine>
            <TextLine id="l_31" custom="readingOrder {index:29;}">
                <Coords points="702,2335 1743,2350 1743,2285 1634,2272 702,2277"/>
                <Baseline points="710,2322 761,2325 813,2324 865,2322 917,2322 969,2322 1020,2322 1072,2325 1124,2325 1176,2325 1228,2323 1279,2322 1331,2322 1383,2322 1435,2322 1487,2322 1538,2322 1590,2322 1642,2322 1694,2322 1746,2328"/>
                <TextEquiv>
                    <Unicode>Y entre su boca trémula, en tibia angustia opreso,</Unicode>
                </TextEquiv>
            </TextLine>
            <TextLine id="l_32" custom="readingOrder {index:30;}">
                <Coords points="706,2387 1630,2395 1602,2332 706,2332"/>
                <Baseline points="713,2370 759,2370 805,2370 851,2370 897,2370 943,2370 989,2370 1035,2370 1081,2371 1127,2372 1173,2370 1219,2370 1265,2370 1311,2370 1357,2370 1403,2370 1449,2369 1495,2367 1541,2366 1587,2367 1633,2370"/>
                <TextEquiv>
                    <Unicode>Cual moribundo pájaro miro aletear el beso;</Unicode>
                </TextEquiv>
            </TextLine>
            <TextLine id="l_33" custom="readingOrder {index:31;}">
                <Coords points="697,2447 1606,2453 1606,2402 1509,2387 1274,2422 1146,2383 697,2401"/>
                <Baseline points="704,2436 749,2439 794,2439 839,2439 885,2439 930,2439 975,2439 1020,2439 1066,2439 1111,2439 1156,2439 1201,2439 1247,2439 1292,2439 1337,2439 1382,2439 1428,2439 1473,2440 1518,2442 1563,2442 1609,2445"/>
                <TextEquiv>
                    <Unicode>Cuando, sumidos ambos en extática calma,</Unicode>
                </TextEquiv>
            </TextLine>
            <TextLine id="l_34" custom="readingOrder {index:32;}">
                <Coords points="702,2512 1683,2504 1673,2438 702,2451"/>
                <Baseline points="710,2483 758,2483 807,2483 856,2484 905,2485 954,2483 1002,2485 1051,2486 1100,2486 1149,2484 1198,2486 1246,2486 1295,2486 1344,2486 1393,2484 1442,2486 1490,2485 1539,2485 1588,2486 1637,2486 1686,2489"/>
                <TextEquiv>
                    <Unicode>E inclinado yo hacia ella, para aspirar su alma,</Unicode>
                </TextEquiv>
            </TextLine>
            <TextLine id="l_35" custom="readingOrder {index:33;}">
                <Coords points="706,2565 1707,2570 1707,2515 706,2514"/>
                <Baseline points="713,2552 762,2555 812,2552 862,2553 912,2554 962,2554 1012,2555 1061,2555 1111,2555 1161,2555 1211,2552 1261,2553 1311,2554 1361,2553 1410,2553 1460,2554 1510,2555 1560,2555 1610,2555 1660,2555 1710,2561"/>
                <TextEquiv>
                    <Unicode>Siento arder sus amores cual suave lampadario,</Unicode>
                </TextEquiv>
            </TextLine>
            <TextLine id="l_36" custom="readingOrder {index:34;}">
                <Coords points="712,2612 1707,2627 1689,2568 712,2564"/>
                <Baseline points="719,2600 768,2597 818,2598 867,2599 917,2597 966,2597 1016,2599 1065,2600 1115,2600 1164,2600 1214,2600 1264,2600 1313,2599 1363,2598 1412,2599 1462,2597 1511,2597 1561,2597 1610,2600 1660,2600 1710,2600"/>
                <TextEquiv>
                    <Unicode>Y el latir de los cándidos vaivenes de incensario</Unicode>
                </TextEquiv>
            </TextLine>
            <TextLine id="l_37" custom="readingOrder {index:35;}">
                <Coords points="699,2683 1707,2702 1707,2623 877,2643 699,2615"/>
                <Baseline points="707,2666 757,2666 807,2669 857,2668 907,2667 957,2669 1007,2669 1058,2669 1108,2672 1158,2669 1208,2672 1258,2671 1308,2669 1358,2667 1409,2668 1459,2669 1509,2669 1559,2669 1609,2672 1659,2673 1710,2678"/>
                <TextEquiv>
                    <Unicode>Con que en su blanco pecho su corazón se mece,</Unicode>
                </TextEquiv>
            </TextLine>
            <TextLine id="l_38" custom="readingOrder {index:36;}">
                <Coords points="709,2737 1623,2734 1614,2683 709,2677"/>
                <Baseline points="716,2713 761,2713 807,2713 852,2716 898,2716 943,2713 989,2713 1034,2713 1080,2716 1125,2716 1171,2716 1217,2716 1262,2715 1308,2714 1353,2715 1399,2713 1444,2713 1490,2713 1535,2712 1581,2712 1627,2716"/>
                <TextEquiv>
                    <Unicode>Una duda secreta me llena y me estremece:</Unicode>
                </TextEquiv>
            </TextLine>
            <TextLine id="l_39" custom="readingOrder {index:37;}">
                <Coords points="697,2799 1584,2803 1564,2742 1063,2760 798,2725 697,2756"/>
                <Baseline points="704,2782 748,2782 792,2782 836,2782 880,2782 925,2779 969,2782 1013,2782 1057,2785 1101,2785 1146,2785 1190,2785 1234,2785 1278,2785 1322,2785 1367,2785 1411,2787 1455,2786 1499,2785 1543,2785 1588,2788"/>
                <TextEquiv>
                    <Unicode>¿Podrá vivir, Dios mío, una cosa tan pura,</Unicode>
                </TextEquiv>
            </TextLine>
            <TextLine id="l_40" custom="readingOrder {index:38;}">
                <Coords points="702,2838 759,2870 1622,2869 1731,2849 1731,2814 701,2799"/>
                <Baseline points="710,2827 761,2830 812,2829 863,2827 914,2829 966,2830 1017,2827 1068,2830 1119,2830 1170,2830 1222,2830 1273,2830 1324,2830 1375,2833 1426,2830 1478,2830 1529,2831 1580,2833 1631,2835 1682,2836 1734,2839"/>
                <TextEquiv>
                    <Unicode>En este erial estéril, roto por la amargura?.......</Unicode>
                </TextEquiv>
            </TextLine>
            <TextLine id="l_41" custom="readingOrder {index:39;}">
                <Coords points="1419,2935 1480,2925 1508,2947 1583,2937 1724,2943 1723,2868 1683,2855 1634,2855 1621,2869 1553,2858 1473,2873 1418,2850"/>
                <Baseline points="1427,2907 1452,2909 1477,2910 1502,2910 1527,2910 1552,2910 1577,2910 1602,2910 1627,2911 1652,2913 1677,2913 1702,2913 1728,2913"/>
                <TextEquiv>
                    <Unicode>RENÉ FIALLO.</Unicode>
                </TextEquiv>
            </TextLine>
            <TextEquiv>
                <Unicode></Unicode>
            </TextEquiv>
        </TextRegion>
    </Page>
</PcGts>
