2479 3508
182 125 389 227 Página 7
1922 120 2181 219 Fémina
701 291 1670 424 Trébol de mi jardín
1471 421 2096 534 PARA "FEMINA”.
893 616 1488 760 VAGABUNDA
509 731 1485 852 Vagabunda muchacha de la trenza de oro.
504 833 1423 917 y de sonajas negras en grácil tamboril:
509 908 1568 977 me hablaron de tus noches y del beso sonoro
513 969 1688 1072 que dejaste en los labios de un hombre femenil.....
504 1047 1568 1156 Me hablaron de tus flancos y del rubio tesoro
504 1146 1480 1221 que cubren tus vestidos con empeño sutil;
509 1197 1673 1288 del surco que en tu frente dejó el puñal de Eudoro.
506 1276 1540 1386 cuando le traicionaste con el cómico Gil.....
513 1356 1481 1463 Vagabunda muchacha de la trenza lijera:
504 1448 1568 1535 que no me miren nunca tus ojos de hechicera;
506 1515 1536 1603 que no toques la puerta de mi chiribitil.
504 1592 1463 1705 pues para la pureza de mi sábana pobre,
504 1683 1446 1757 eres tú cual la onda traicionera i salobre!
506 1759 1849 1859 de un mar que siempre espera lo que no ha de venir... !
337 1879 954 2009 Golondrina.
140 2031 1057 2114 Pomo de perfume de Coty de Francia:
144 2114 1082 2184 tu esbeltez me atrae, tu candor me besa,
149 2188 918 2258 cuando la locura de mi petulancia.
140 2251 1141 2350 me obliga a decirte mi amor de tigresa....
142 2343 1049 2450 La pasión risible del que a su elegancia.
140 2428 1024 2527 le atribuye, loco, virtud que embelesa,
140 2500 1017 2563 no podrá decirte lo que mi arrogancia.
144 2563 1139 2657 le ha dicho a tus dulces labios de cereza...
142 2682 1010 2776 Pomo de perfume, rico de incentivos:
145 2742 942 2837 por los luminares de tus ojos vivos
140 2816 1017 2929 mi pecho se llena de roja lascivia....
144 2902 1022 3014 I si soi el hombre que ama tu dulzura,
139 3008 1042 3081 ¿por qué no me brindas toda tu locura,
134 3071 1101 3156 i el encanto rosa de tu carne tibia......?
1259 1885 2148 2004 La novia en la ventana..
1192 2039 2124 2144 La novia en la ventana.... Nadie pasa
1199 2118 2019 2218 para admirar el traje que su mano,
1202 2184 1952 2270 en la alcoba desierta de la casa,
1199 2244 2129 2350 confeccionó soñando en lo lejano......
1197 2370 2226 2467 La novia en la ventana...... Es una gasa.
1191 2430 1936 2523 desvaída su faz, y en el arcanos
1197 2500 1947 2573 del enorme cariño que la abrasa,
1197 2557 2158 2652 palpita la visión de un sueño vano........
1186 2664 2171 2771 La novia en la ventana...... Yo quisiera.
1191 2745 1937 2846 tener la misma faz del calavera.
1189 2809 2011 2926 que trastornó su vida encantadora,
1197 2922 2069 3018 para allegarme a su presencia huraña.
1194 3003 1962 3078 y decirle: ¡mi espíritu te engaña;
1191 3059 2094 3136 hiere mi corazón,—hiérelo ahora....!
1770 3128 2181 3230 ANTONIO VALDEZ, hijo
1244 3130 1476 3225 Higuey. R. D.
