2479 3508
274 116 544 210 Fémina
2052 104 2267 208 Página 6
1439 744 1708 865 Sr. Don
1484 912 2045 1036 Hipólito Billini
1706 1063 2079 1189 Baní, R.D.
440 1755 1034 1884 Clara Lluveres
257 1946 1239 2035 Es una rubia encantadora, las hebras de su
242 2023 1244 2097 pelo son de oro, parecen a veces los mismos
240 2074 1244 2136 rayos del astro rey, a la hora meridiana, su
242 2124 1231 2198 boca es breve y fina, su garganta de escul-
242 2178 1241 2243 tura griega, y sus hombros columbinos al
245 2233 1244 2322 caer su escote, se muestran hermosos a las
235 2277 635 2354 luces indiscretas.
292 2332 1244 2408 Es una princesita bella, encantadora, de
237 2381 1249 2485 modales finos, la risa, la alegría y la dicha.
237 2448 846 2517 eternamente le acompaña.
289 2490 1231 2569 Es mujer y rosa, blanca cual una garde-
242 2534 1246 2641 nia, y sus mejillas aterciopeladas tienen el
237 2589 744 2675 incendio de las rosas.
297 2623 1246 2720 Triunfante sobre la vida, protegida por
237 2695 1241 2777 los ángeles, así Clarita llega siempre a la
240 2757 1241 2821 meta de sus aspiraciones, porque ella sabe
242 2811 1244 2900 vivir entre las rosas y la poesia, y tambien
242 2853 910 2957 en la vida real toda efectiva.
1454 1768 2107 1889 Sofía Valverde
1330 1946 2294 2047 Como brilla en el cielo azul de la mañana,
1283 2037 2290 2097 tras las sombras nocturnas la rosada Aurora,
1283 2092 2290 2173 así la dulce imajen de Sofia Valverde, fulgu-
1276 2139 1941 2201 ra en los plácidos ensueños.
1338 2149 2282 2255 Es una Aurora rosada, en cuyas divinas
1288 2245 2282 2307 pupilas prende su lumbre la ternura y el a-
1281 2297 2285 2369 mor, en cuyas mejillas aterciopeladas hay
1281 2349 2282 2411 un incendio de claveles rojos, en cuyas he-
1281 2401 2292 2470 bras de pelo rubio flota el perfume embria:
1281 2453 2131 2524 gador de los jardines recien abiertos.
1338 2485 2290 2566 Es perla de música, gota de luz, panal de
1283 2549 2285 2626 Ambrosia, estrella de oro, lira armoniosa de
1276 2608 2282 2680 la vida.. fugaz como una mariposa que
1283 2663 2282 2749 con sus colores plateados brilla y encanta en
1283 2712 1721 2799 la gloria de un día.
1694 2754 2233 2885 MANUEL A. MENA hijo.
1273 2838 1659 2957 Sto. Dgo. 1923.
