<?xml version="1.0" encoding="UTF-8" standalone="yes"?>
<PcGts xmlns="http://schema.primaresearch.org/PAGE/gts/pagecontent/2013-07-15" xmlns:xsi="http://www.w3.org/2001/XMLSchema-instance" xsi:schemaLocation="http://schema.primaresearch.org/PAGE/gts/pagecontent/2013-07-15 http://schema.primaresearch.org/PAGE/gts/pagecontent/2013-07-15/pagecontent.xsd">
    <Metadata>
        <Creator>prov=READ-COOP:name=PyLaia@TranskribusPlatform:version=2.43.0:model_id=558697:lm=none:date=12_05_2026_10:31</Creator>
        <Created>2025-10-15T18:38:24.824+02:00</Created>
        <LastChange>2026-05-30T14:53:06.722+02:00</LastChange>
        <TranskribusMetadata docId="11369059" pageId="104387616" pageNr="9" tsid="290007383" status="IN_PROGRESS" userId="500001" imgUrl="https://files.transkribus.eu/Get?fileType=view&amp;id=KGBDQDRSTIJVYVNWXDMAGCKL" xmlUrl="https://files.transkribus.eu/Get?id=NYJZLYRTJEOOBBIGKCWLBCKR" imageId="87597341"/>
    </Metadata>
    <Page imageFilename="0009_p009.jpg" imageWidth="2479" imageHeight="3508">
        <ReadingOrder>
            <OrderedGroup id="ro_1781166547669" caption="Regions reading order">
                <RegionRefIndexed index="0" regionRef="r"/>
                <RegionRefIndexed index="1" regionRef="r_2"/>
                <RegionRefIndexed index="2" regionRef="r_1"/>
                <RegionRefIndexed index="3" regionRef="r_6"/>
                <RegionRefIndexed index="4" regionRef="r_5"/>
                <RegionRefIndexed index="5" regionRef="r_4"/>
                <RegionRefIndexed index="6" regionRef="r_7"/>
            </OrderedGroup>
        </ReadingOrder>
        <TextRegion id="r" custom="readingOrder {index:0;}">
            <Coords points="203,303 203,247 1230,247 1230,303"/>
            <TextLine id="l" custom="readingOrder {index:0;}">
                <Coords points="276,304 352,307 394,280 480,298 481,217 466,226 438,222 423,235 389,230 367,210 342,224 307,217 291,230 278,226"/>
                <Baseline points="283,274 308,271 333,271 358,272 383,273 408,273 433,271 458,270 483,268"/>
                <TextEquiv>
                    <Unicode>Página Sl</Unicode>
                </TextEquiv>
            </TextLine>
            <TextEquiv>
                <Unicode></Unicode>
            </TextEquiv>
        </TextRegion>
        <TextRegion id="r_2" custom="readingOrder {index:1;}">
            <Coords points="1259,321 1259,269 2269,269 2269,321"/>
            <TextLine id="l_59" custom="readingOrder {index:0;}">
                <Coords points="1976,320 2069,318 2121,330 2190,319 2210,329 2240,319 2239,255 2220,259 2187,237 2166,246 2139,231 2114,232 2099,241 2073,221 2050,221 1975,251"/>
                <Baseline points="1982,292 2008,292 2034,292 2060,292 2086,293 2112,295 2138,295 2164,295 2190,295 2216,294 2242,292"/>
                <TextEquiv>
                    <Unicode>Fémina</Unicode>
                </TextEquiv>
            </TextLine>
            <TextEquiv>
                <Unicode></Unicode>
            </TextEquiv>
        </TextRegion>
        <TextRegion id="r_1" custom="readingOrder {index:2;}">
            <Coords points="203,1732 203,303 1230,303 1230,1732"/>
            <TextLine id="l_1" custom="readingOrder {index:0;}">
                <Coords points="288,416 1147,438 1162,348 286,332"/>
                <Baseline points="295,403 338,403 382,395 425,397 469,397 513,400 556,400 600,400 643,400 687,405 731,404 774,403 818,405 861,406 905,406 949,408 992,409 1036,409 1079,411 1123,413 1167,417"/>
                <TextEquiv>
                    <Unicode>PAGINA GALANTE.</Unicode>
                </TextEquiv>
            </TextLine>
            <TextLine id="l_2" custom="readingOrder {index:1;}">
                <Coords points="430,486 1185,511 1183,442 428,430"/>
                <Baseline points="435,471 472,473 510,474 547,475 585,477 623,477 660,477 698,477 736,477 773,477 811,478 849,480 886,480 924,480 962,480 999,480 1037,481 1075,483 1112,483 1150,483 1188,486"/>
                <TextEquiv>
                    <Unicode>A la gentil Srta. Rosita Guzmán Brea.</Unicode>
                </TextEquiv>
            </TextLine>
            <TextLine id="l_3" custom="readingOrder {index:2;}">
                <Coords points="268,582 1206,599 1217,545 1075,520 873,550 646,505 538,534 266,520"/>
                <Baseline points="274,567 321,567 368,564 416,567 463,569 510,567 558,567 605,569 652,572 700,572 747,573 794,573 842,573 889,575 936,576 984,576 1031,576 1078,579 1126,579 1173,579 1221,585"/>
                <TextEquiv>
                    <Unicode>Mientras la tarde primorosamente sensual y</Unicode>
                </TextEquiv>
            </TextLine>
            <TextLine id="l_4" custom="readingOrder {index:3;}">
                <Coords points="241,627 1227,638 1226,598 1186,590 240,583"/>
                <Baseline points="247,612 296,612 345,610 394,612 443,612 492,612 541,612 591,612 640,614 689,615 738,615 787,615 836,618 885,618 935,620 984,619 1033,619 1082,619 1131,619 1180,620 1230,620"/>
                <TextEquiv>
                    <Unicode>perfumada, congregaba a las almas peregrinas</Unicode>
                </TextEquiv>
            </TextLine>
            <TextLine id="l_5" custom="readingOrder {index:4;}">
                <Coords points="225,658 1224,680 1222,636 1141,629 225,626"/>
                <Baseline points="232,650 281,650 331,653 380,653 430,653 480,653 529,653 579,655 628,656 678,653 728,656 777,659 827,659 876,660 926,662 976,662 1025,662 1075,662 1124,662 1174,665 1224,668"/>
                <TextEquiv>
                    <Unicode>de un exquisito amor, en el sedeño regazo de su</Unicode>
                </TextEquiv>
            </TextLine>
            <TextLine id="l_6" custom="readingOrder {index:5;}">
                <Coords points="225,704 1222,716 1221,678 1177,672 224,657"/>
                <Baseline points="232,695 281,692 331,695 380,695 430,696 480,698 529,698 579,698 628,701 678,698 728,698 777,701 827,702 876,704 926,705 976,705 1025,706 1075,707 1124,710 1174,710 1224,707"/>
                <TextEquiv>
                    <Unicode>regio paraiso de amor y de ternura, para santi-</Unicode>
                </TextEquiv>
            </TextLine>
            <TextLine id="l_7" custom="readingOrder {index:6;}">
                <Coords points="226,759 1221,771 1220,719 225,704"/>
                <Baseline points="232,740 281,740 331,738 380,740 430,740 480,740 529,740 579,742 628,743 678,743 728,746 777,743 827,747 876,749 926,749 976,749 1025,751 1075,750 1124,752 1174,752 1224,752"/>
                <TextEquiv>
                    <Unicode>ficarlas con el influjo de una mirada, con el</Unicode>
                </TextEquiv>
            </TextLine>
            <TextLine id="l_8" custom="readingOrder {index:7;}">
                <Coords points="229,794 1225,809 1224,765 1068,755 229,760"/>
                <Baseline points="235,782 284,782 334,779 383,780 433,782 483,784 532,785 582,785 631,785 681,788 731,788 780,788 830,791 879,792 929,794 979,794 1028,794 1078,794 1127,794 1177,797 1227,800"/>
                <TextEquiv>
                    <Unicode>arrullo de un suspiro y con el susurro de un</Unicode>
                </TextEquiv>
            </TextLine>
            <TextLine id="l_9" custom="readingOrder {index:8;}">
                <Coords points="219,832 1190,861 1224,807 217,801"/>
                <Baseline points="226,824 276,824 326,824 376,825 426,826 476,826 526,828 576,829 626,829 676,832 726,832 776,832 826,833 876,835 926,835 976,837 1026,838 1076,838 1126,838 1176,839 1227,841"/>
                <TextEquiv>
                    <Unicode>aliento delicado, mi corazón maravillado ante el</Unicode>
                </TextEquiv>
            </TextLine>
            <TextLine id="l_10" custom="readingOrder {index:9;}">
                <Coords points="231,886 1229,898 1214,849 230,844"/>
                <Baseline points="238,865 287,868 337,871 386,871 436,871 486,871 535,873 585,874 634,874 684,874 734,877 783,877 833,878 882,875 932,877 982,879 1031,880 1081,880 1130,883 1180,883 1230,883"/>
                <TextEquiv>
                    <Unicode>milagroso poema de la tarde y seducido por el</Unicode>
                </TextEquiv>
            </TextLine>
            <TextLine id="l_11" custom="readingOrder {index:10;}">
                <Coords points="229,925 1225,947 1224,899 227,884"/>
                <Baseline points="235,910 284,913 334,912 383,911 433,913 483,913 532,913 582,915 631,916 681,919 731,919 780,919 830,920 879,922 929,922 979,924 1028,925 1078,925 1127,928 1177,928 1227,925"/>
                <TextEquiv>
                    <Unicode>suave halago del ensueño, se encaminó hacia la</Unicode>
                </TextEquiv>
            </TextLine>
            <TextLine id="l_12" custom="readingOrder {index:11;}">
                <Coords points="229,969 1217,987 1216,945 1134,932 229,923"/>
                <Baseline points="235,949 284,955 333,953 382,958 432,959 481,961 530,961 580,961 629,961 678,961 728,961 777,964 826,964 875,965 925,967 974,967 1023,967 1073,969 1122,968 1171,970 1221,973"/>
                <TextEquiv>
                    <Unicode>fuente dignificadora de la juventud y la belleza.</Unicode>
                </TextEquiv>
            </TextLine>
            <TextLine id="l_13" custom="readingOrder {index:12;}">
                <Coords points="222,1021 1225,1021 1191,979 222,961"/>
                <Baseline points="229,988 278,997 328,998 378,1000 428,1000 478,1002 528,1003 578,1003 628,1006 678,1006 728,1006 777,1009 827,1009 877,1009 927,1011 977,1010 1027,1011 1077,1012 1127,1012 1177,1012 1227,1015"/>
                <TextEquiv>
                    <Unicode>Y allí bajo cuya linía cristalina saturada con la</Unicode>
                </TextEquiv>
            </TextLine>
            <TextLine id="l_14" custom="readingOrder {index:13;}">
                <Coords points="222,1057 1215,1075 1215,1026 221,1018"/>
                <Baseline points="229,1038 278,1044 327,1041 377,1041 426,1042 476,1044 525,1044 575,1046 624,1047 674,1047 723,1050 772,1050 822,1051 871,1053 921,1053 970,1053 1020,1053 1069,1055 1119,1056 1168,1059 1218,1056"/>
                <TextEquiv>
                    <Unicode>azul esencia de virginales gracias,, me fué grato</Unicode>
                </TextEquiv>
            </TextLine>
            <TextLine id="l_15" custom="readingOrder {index:14;}">
                <Coords points="222,1106 1219,1107 1217,1075 1152,1064 222,1064"/>
                <Baseline points="229,1083 278,1083 328,1086 377,1087 427,1089 477,1089 526,1089 576,1089 625,1092 675,1092 725,1092 774,1092 824,1095 873,1095 923,1095 973,1095 1022,1095 1072,1097 1121,1098 1171,1101 1221,1104"/>
                <TextEquiv>
                    <Unicode>sentir algo como la palpitación ardiente de la</Unicode>
                </TextEquiv>
            </TextLine>
            <TextLine id="l_16" custom="readingOrder {index:15;}">
                <Coords points="219,1144 1216,1158 1216,1116 1128,1108 219,1107"/>
                <Baseline points="226,1128 275,1128 325,1128 374,1128 424,1129 474,1131 523,1133 573,1134 622,1134 672,1134 722,1134 771,1137 821,1138 870,1140 920,1140 970,1140 1019,1142 1069,1143 1118,1140 1168,1143 1218,1143"/>
                <TextEquiv>
                    <Unicode>gloria y escuchar algo que le hablaba al espiritu</Unicode>
                </TextEquiv>
            </TextLine>
            <TextLine id="l_17" custom="readingOrder {index:16;}">
                <Coords points="222,1180 1215,1201 1214,1158 1165,1153 222,1146"/>
                <Baseline points="229,1170 278,1173 327,1173 377,1173 426,1173 476,1171 525,1174 575,1176 624,1176 674,1179 723,1179 772,1179 822,1182 871,1182 921,1182 970,1184 1020,1185 1069,1185 1119,1185 1168,1187 1218,1185"/>
                <TextEquiv>
                    <Unicode>ca las dulces ternezas del amor. Cuando entre</Unicode>
                </TextEquiv>
            </TextLine>
            <TextLine id="l_18" custom="readingOrder {index:17;}">
                <Coords points="222,1229 1097,1254 1214,1249 1214,1202 221,1183"/>
                <Baseline points="229,1218 278,1218 327,1218 376,1217 426,1215 475,1216 524,1220 574,1221 623,1221 672,1221 722,1221 771,1224 820,1226 869,1225 919,1227 968,1227 1017,1229 1067,1230 1116,1230 1165,1230 1215,1227"/>
                <TextEquiv>
                    <Unicode>la gasa de oro del crepúsculo y la fina aristocra-</Unicode>
                </TextEquiv>
            </TextLine>
            <TextLine id="l_19" custom="readingOrder {index:18;}">
                <Coords points="214,1273 1163,1293 1217,1285 1217,1249 212,1220"/>
                <Baseline points="220,1256 270,1259 320,1258 370,1256 420,1257 470,1259 520,1259 570,1259 620,1262 670,1262 720,1262 770,1265 820,1266 870,1270 920,1271 970,1271 1020,1271 1070,1271 1120,1271 1170,1274 1221,1271"/>
                <TextEquiv>
                    <Unicode>cia de los lises, se erguía deslumbradora como</Unicode>
                </TextEquiv>
            </TextLine>
            <TextLine id="l_20" custom="readingOrder {index:19;}">
                <Coords points="219,1312 1212,1330 1211,1289 1103,1274 219,1270"/>
                <Baseline points="226,1301 275,1301 324,1304 374,1304 423,1304 473,1304 522,1304 572,1306 621,1307 671,1310 720,1310 769,1310 819,1310 868,1311 918,1313 967,1315 1017,1314 1066,1315 1116,1319 1165,1319 1215,1319"/>
                <TextEquiv>
                    <Unicode>para presidir la helada apoteósis del invierno,</Unicode>
                </TextEquiv>
            </TextLine>
            <TextLine id="l_21" custom="readingOrder {index:20;}">
                <Coords points="219,1364 1186,1378 1212,1330 217,1312"/>
                <Baseline points="226,1340 275,1343 324,1344 374,1346 423,1347 473,1351 522,1352 572,1352 621,1352 671,1352 720,1352 769,1352 819,1355 868,1356 918,1357 967,1355 1017,1355 1066,1355 1116,1358 1165,1361 1215,1361"/>
                <TextEquiv>
                    <Unicode>esta fina y encantadora princesita, egregio bla-</Unicode>
                </TextEquiv>
            </TextLine>
            <TextLine id="l_22" custom="readingOrder {index:21;}">
                <Coords points="216,1403 1214,1420 1212,1369 215,1363"/>
                <Baseline points="223,1388 272,1385 322,1389 371,1392 421,1393 471,1393 520,1394 570,1394 619,1397 669,1397 719,1397 768,1397 818,1398 867,1400 917,1400 967,1400 1016,1400 1066,1400 1115,1403 1165,1406 1215,1403"/>
                <TextEquiv>
                    <Unicode>són de castidad y gentileza, ante cuyo milagro</Unicode>
                </TextEquiv>
            </TextLine>
            <TextLine id="l_23" custom="readingOrder {index:22;}">
                <Coords points="225,1437 1095,1469 1212,1459 1212,1420 224,1404"/>
                <Baseline points="232,1427 281,1428 330,1433 379,1433 428,1434 477,1436 526,1438 576,1439 625,1439 674,1439 723,1439 772,1439 821,1442 870,1442 920,1444 969,1445 1018,1447 1067,1447 1116,1447 1165,1447 1215,1447"/>
                <TextEquiv>
                    <Unicode>recojí el cascabel de oro de sus gracias para</Unicode>
                </TextEquiv>
            </TextLine>
            <TextLine id="l_24" custom="readingOrder {index:23;}">
                <Coords points="219,1480 1162,1514 1214,1506 1212,1462 217,1437"/>
                <Baseline points="226,1468 275,1474 324,1475 374,1477 423,1477 473,1479 522,1480 572,1482 621,1483 671,1483 720,1486 769,1486 819,1486 868,1486 918,1487 967,1489 1017,1489 1066,1489 1116,1492 1165,1492 1215,1486"/>
                <TextEquiv>
                    <Unicode>blasonar hoy esta página galante, con su nombre,</Unicode>
                </TextEquiv>
            </TextLine>
            <TextLine id="l_25" custom="readingOrder {index:24;}">
                <Coords points="215,1533 1206,1558 1215,1508 214,1481"/>
                <Baseline points="220,1516 269,1516 319,1520 369,1522 419,1521 469,1522 519,1525 569,1525 619,1528 669,1528 719,1528 768,1531 818,1530 868,1529 918,1531 968,1535 1018,1535 1068,1531 1118,1534 1168,1534 1218,1534"/>
                <TextEquiv>
                    <Unicode>armiñado y perfumado como rosa y senoro y</Unicode>
                </TextEquiv>
            </TextLine>
            <TextLine id="l_26" custom="readingOrder {index:25;}">
                <Coords points="215,1597 1175,1583 1142,1541 214,1531"/>
                <Baseline points="220,1561 267,1564 315,1564 363,1567 411,1567 459,1567 506,1568 554,1570 602,1572 650,1573 698,1573 745,1573 793,1573 841,1573 889,1576 937,1576 984,1576 1032,1576 1080,1577 1128,1579 1176,1582"/>
                <TextEquiv>
                    <Unicode>cristalino como una límpida caseada de cristal.</Unicode>
                </TextEquiv>
            </TextLine>
            <TextLine id="l_27" custom="readingOrder {index:26;}">
                <Coords points="920,1660 956,1644 977,1652 1050,1624 1082,1647 1093,1639 1176,1660 1175,1593 1149,1599 1068,1584 1048,1594 1025,1582 999,1594 966,1583 918,1589"/>
                <Baseline points="925,1621 950,1621 975,1621 1000,1621 1025,1621 1050,1621 1075,1622 1100,1624 1125,1625 1150,1627 1176,1627"/>
                <TextEquiv>
                    <Unicode>NISIO RUIZ.</Unicode>
                </TextEquiv>
            </TextLine>
            <TextLine id="l_28" custom="readingOrder {index:27;}">
                <Coords points="219,1687 280,1697 393,1670 569,1686 626,1666 747,1695 809,1686 808,1607 736,1624 606,1600 538,1621 505,1603 405,1624 217,1609"/>
                <Baseline points="226,1650 255,1650 284,1650 313,1650 343,1652 372,1653 401,1653 431,1655 460,1656 489,1656 519,1658 548,1659 577,1659 606,1659 636,1659 665,1659 694,1659 724,1659 753,1659 782,1659 812,1659"/>
                <TextEquiv>
                    <Unicode>Quisqueya, Noviembre 1923.</Unicode>
                </TextEquiv>
            </TextLine>
            <TextEquiv>
                <Unicode></Unicode>
            </TextEquiv>
        </TextRegion>
        <TextRegion id="r_6" custom="readingOrder {index:3;}">
            <Coords points="1230,1732 1230,2907 203,2907 203,1732"/>
            <TextLine id="l_29" custom="readingOrder {index:0;}">
                <Coords points="298,1783 1192,1794 1206,1729 622,1740 491,1706 296,1734"/>
                <Baseline points="304,1755 349,1758 394,1758 439,1761 485,1761 530,1764 575,1764 620,1764 666,1764 711,1767 756,1767 801,1767 847,1767 892,1767 937,1767 982,1767 1028,1770 1073,1768 1118,1770 1163,1771 1209,1773"/>
                <TextEquiv>
                    <Unicode>Antigua Guatemala 5 de Noviembre de 1923.</Unicode>
                </TextEquiv>
            </TextLine>
            <TextLine id="l_30" custom="readingOrder {index:1;}">
                <Coords points="219,1832 828,1861 825,1799 754,1780 428,1800 345,1768 275,1796 217,1781"/>
                <Baseline points="226,1821 256,1819 286,1820 316,1824 346,1824 376,1825 406,1827 437,1827 467,1828 497,1830 527,1830 557,1830 587,1830 617,1832 648,1834 678,1836 708,1834 738,1834 768,1836 798,1838 829,1839"/>
                <TextEquiv>
                    <Unicode>Señor Director de FEMENA</Unicode>
                </TextEquiv>
            </TextLine>
            <TextLine id="l_31" custom="readingOrder {index:2;}">
                <Coords points="214,1876 693,1893 692,1854 667,1842 214,1837"/>
                <Baseline points="220,1862 245,1864 270,1865 295,1865 320,1866 345,1867 370,1868 395,1868 420,1869 445,1871 470,1871 495,1871 520,1873 545,1873 570,1872 595,1871 620,1871 645,1872 670,1874 695,1877"/>
                <TextEquiv>
                    <Unicode>San Pedro de Macoris,</Unicode>
                </TextEquiv>
            </TextLine>
            <TextLine id="l_32" custom="readingOrder {index:3;}">
                <Coords points="219,1931 372,1938 410,1923 494,1950 551,1931 599,1950 693,1946 691,1892 217,1876"/>
                <Baseline points="226,1907 252,1907 278,1907 304,1909 330,1910 356,1910 382,1913 408,1916 434,1916 460,1916 486,1916 512,1917 538,1919 564,1919 590,1919 616,1921 642,1922 668,1922 695,1919"/>
                <TextEquiv>
                    <Unicode>República Dominicana.</Unicode>
                </TextEquiv>
            </TextLine>
            <TextLine id="l_33" custom="readingOrder {index:4;}">
                <Coords points="217,1990 256,1995 269,1985 318,2004 354,1990 384,2000 403,1990 451,2000 464,1990 492,2001 491,1953 448,1948 410,1961 323,1942 299,1925 215,1937"/>
                <Baseline points="223,1979 250,1977 277,1977 304,1978 331,1979 359,1979 386,1981 413,1983 440,1985 467,1986 495,1988"/>
                <TextEquiv>
                    <Unicode>Muy Sr. mio:</Unicode>
                </TextEquiv>
            </TextLine>
            <TextLine id="l_34" custom="readingOrder {index:5;}">
                <Coords points="255,2024 1202,2058 1201,1980 254,1990"/>
                <Baseline points="262,2021 309,2021 356,2021 403,2024 450,2028 498,2030 545,2030 592,2031 639,2033 686,2034 734,2036 781,2036 828,2036 875,2036 922,2036 970,2038 1017,2039 1064,2039 1111,2039 1158,2042 1206,2039"/>
                <TextEquiv>
                    <Unicode>Tengo el honor de dirigirme a Ud. para supli-</Unicode>
                </TextEquiv>
            </TextLine>
            <TextLine id="l_35" custom="readingOrder {index:6;}">
                <Coords points="215,2078 1193,2103 1192,2054 214,2031"/>
                <Baseline points="220,2060 268,2065 317,2063 366,2065 415,2066 464,2069 513,2071 561,2071 610,2073 659,2074 708,2077 757,2077 806,2077 855,2080 903,2080 952,2080 1001,2080 1050,2080 1099,2082 1148,2083 1197,2077"/>
                <TextEquiv>
                    <Unicode>carle atentamente se sirva ayudar ala Bibliote</Unicode>
                </TextEquiv>
            </TextLine>
            <TextLine id="l_36" custom="readingOrder {index:7;}">
                <Coords points="207,2127 1201,2146 1172,2094 206,2073"/>
                <Baseline points="214,2104 263,2107 312,2108 362,2111 411,2113 461,2115 510,2118 560,2119 609,2117 659,2116 708,2116 757,2119 807,2122 856,2122 906,2122 955,2122 1005,2124 1054,2127 1104,2128 1153,2125 1203,2125"/>
                <TextEquiv>
                    <Unicode>ca Popular y Sala de Lectura de esta ciudad, ob-</Unicode>
                </TextEquiv>
            </TextLine>
            <TextLine id="l_37" custom="readingOrder {index:8;}">
                <Coords points="207,2162 1202,2187 1201,2144 1136,2134 207,2127"/>
                <Baseline points="214,2149 263,2149 313,2150 362,2155 412,2156 462,2158 511,2160 561,2161 610,2161 660,2161 710,2161 759,2164 809,2164 858,2164 908,2164 958,2166 1007,2169 1057,2168 1106,2170 1156,2170 1206,2167"/>
                <TextEquiv>
                    <Unicode>sequiándole con una suseripción de la importan-</Unicode>
                </TextEquiv>
            </TextLine>
            <TextLine id="l_38" custom="readingOrder {index:9;}">
                <Coords points="207,2201 793,2207 859,2237 1185,2230 1202,2187 206,2165"/>
                <Baseline points="214,2188 263,2188 313,2192 362,2195 412,2198 462,2202 511,2203 561,2203 610,2205 660,2206 710,2203 759,2206 809,2206 858,2207 908,2209 958,2209 1007,2211 1057,2212 1106,2212 1156,2212 1206,2212"/>
                <TextEquiv>
                    <Unicode>te revista que dirige en esa ciudad, en la segu-</Unicode>
                </TextEquiv>
            </TextLine>
            <TextLine id="l_39" custom="readingOrder {index:10;}">
                <Coords points="201,2242 1207,2274 1206,2236 200,2217"/>
                <Baseline points="208,2233 258,2233 308,2237 358,2240 408,2242 458,2244 508,2245 558,2247 608,2248 658,2248 708,2248 758,2251 808,2250 858,2250 908,2251 958,2253 1008,2254 1058,2257 1108,2254 1158,2257 1209,2257"/>
                <TextEquiv>
                    <Unicode>ridad que con ello contribuye a establecer una</Unicode>
                </TextEquiv>
            </TextLine>
            <TextLine id="l_40" custom="readingOrder {index:11;}">
                <Coords points="201,2283 1128,2319 1188,2313 1187,2268 200,2244"/>
                <Baseline points="208,2274 257,2277 306,2281 355,2283 404,2283 453,2283 502,2285 552,2286 601,2291 650,2292 699,2292 748,2292 797,2295 846,2293 896,2296 945,2298 994,2298 1043,2298 1092,2296 1141,2297 1191,2298"/>
                <TextEquiv>
                    <Unicode>corviente de acercamiento entre nuestros Pue-</Unicode>
                </TextEquiv>
            </TextLine>
            <TextLine id="l_41" custom="readingOrder {index:12;}">
                <Coords points="214,2332 1078,2371 1203,2366 1202,2306 212,2284"/>
                <Baseline points="220,2319 269,2322 318,2326 367,2328 417,2328 466,2329 515,2333 565,2334 614,2334 663,2337 713,2337 762,2337 811,2338 860,2340 910,2340 959,2341 1008,2343 1058,2343 1107,2343 1156,2343 1206,2340"/>
                <TextEquiv>
                    <Unicode>blos, que teniendo un mismo origen deben tener</Unicode>
                </TextEquiv>
            </TextLine>
            <TextLine id="l_42" custom="readingOrder {index:13;}">
                <Coords points="207,2377 279,2368 313,2387 454,2396 603,2387 602,2340 513,2354 482,2339 446,2350 402,2333 381,2347 206,2330"/>
                <Baseline points="214,2364 240,2364 266,2364 292,2366 318,2368 344,2370 370,2370 396,2370 423,2372 449,2373 475,2373 501,2373 527,2373 553,2375 579,2377 606,2379"/>
                <TextEquiv>
                    <Unicode>los mismos ideales.</Unicode>
                </TextEquiv>
            </TextLine>
            <TextLine id="l_43" custom="readingOrder {index:14;}">
                <Coords points="250,2430 1200,2448 1188,2372 1050,2407 249,2381"/>
                <Baseline points="256,2409 303,2409 350,2412 398,2415 445,2418 492,2419 540,2421 587,2421 634,2422 682,2424 729,2426 776,2425 824,2426 871,2427 918,2427 966,2427 1013,2427 1060,2430 1108,2430 1155,2430 1203,2430"/>
                <TextEquiv>
                    <Unicode>No puede escaparse a la penetración suya la</Unicode>
                </TextEquiv>
            </TextLine>
            <TextLine id="l_44" custom="readingOrder {index:15;}">
                <Coords points="197,2477 1195,2495 1195,2442 582,2446 196,2403"/>
                <Baseline points="203,2451 252,2454 302,2455 352,2458 401,2460 451,2460 501,2462 550,2465 600,2463 650,2466 700,2466 749,2469 799,2469 849,2469 898,2471 948,2470 998,2471 1047,2472 1097,2472 1147,2472 1197,2472"/>
                <TextEquiv>
                    <Unicode>importancia de las Bibliotecas como medios de</Unicode>
                </TextEquiv>
            </TextLine>
            <TextLine id="l_45" custom="readingOrder {index:16;}">
                <Coords points="207,2509 1200,2530 1198,2495 1122,2477 206,2462"/>
                <Baseline points="214,2492 263,2495 312,2499 361,2501 411,2501 460,2502 509,2506 559,2507 608,2509 657,2510 707,2510 756,2510 805,2511 854,2513 904,2513 953,2513 1002,2513 1052,2515 1101,2516 1150,2516 1200,2513"/>
                <TextEquiv>
                    <Unicode>cultura, de acercamiento y de divulgación cien¬</Unicode>
                </TextEquiv>
            </TextLine>
            <TextLine id="l_46" custom="readingOrder {index:17;}">
                <Coords points="207,2555 1186,2585 1202,2525 206,2510"/>
                <Baseline points="214,2534 263,2538 313,2543 362,2543 412,2543 462,2545 511,2548 561,2549 610,2551 660,2552 710,2552 759,2555 809,2555 858,2556 908,2558 958,2558 1007,2558 1057,2558 1106,2558 1156,2561 1206,2561"/>
                <TextEquiv>
                    <Unicode>tífica, pero tampoco que ellas necesitan de la</Unicode>
                </TextEquiv>
            </TextLine>
            <TextLine id="l_47" custom="readingOrder {index:18;}">
                <Coords points="204,2600 1191,2618 1191,2583 202,2553"/>
                <Baseline points="211,2579 260,2580 309,2585 358,2586 407,2589 456,2591 505,2591 555,2593 604,2594 653,2594 702,2597 751,2597 800,2600 849,2600 899,2600 948,2600 997,2600 1046,2600 1095,2600 1144,2602 1194,2600"/>
                <TextEquiv>
                    <Unicode>ayuda eficaz no solo moral sino material de to-</Unicode>
                </TextEquiv>
            </TextLine>
            <TextLine id="l_48" custom="readingOrder {index:19;}">
                <Coords points="202,2639 1187,2667 1202,2623 201,2600"/>
                <Baseline points="208,2624 257,2624 307,2628 357,2631 407,2633 457,2633 507,2635 557,2636 607,2639 657,2642 707,2639 756,2642 806,2642 856,2642 906,2642 956,2644 1006,2645 1056,2645 1106,2645 1156,2645 1206,2648"/>
                <TextEquiv>
                    <Unicode>das aquellas personas que ya de un modo ya</Unicode>
                </TextEquiv>
            </TextLine>
            <TextLine id="l_49" custom="readingOrder {index:20;}">
                <Coords points="202,2685 1141,2706 1197,2702 1197,2665 201,2641"/>
                <Baseline points="208,2666 257,2669 307,2672 356,2673 406,2675 456,2677 505,2678 555,2680 604,2681 654,2683 704,2683 753,2683 803,2684 852,2685 902,2683 952,2685 1001,2686 1051,2686 1100,2686 1150,2686 1200,2686"/>
                <TextEquiv>
                    <Unicode>de otro pueden hacerlo; estas consideraciones,</Unicode>
                </TextEquiv>
            </TextLine>
            <TextLine id="l_50" custom="readingOrder {index:21;}">
                <Coords points="202,2726 1197,2742 1196,2698 201,2668"/>
                <Baseline points="208,2707 257,2713 307,2716 356,2717 406,2719 456,2721 505,2722 555,2722 604,2724 654,2728 704,2728 753,2728 803,2729 852,2730 902,2729 952,2731 1001,2731 1051,2731 1100,2731 1150,2731 1200,2731"/>
                <TextEquiv>
                    <Unicode>me hacen pensar en la aceptación de la presente.</Unicode>
                </TextEquiv>
            </TextLine>
            <TextLine id="l_51" custom="readingOrder {index:22;}">
                <Coords points="204,2761 1183,2803 1161,2739 204,2726"/>
                <Baseline points="211,2752 259,2755 308,2758 357,2761 405,2762 454,2764 503,2766 551,2767 600,2769 649,2770 698,2770 746,2773 795,2770 844,2773 892,2773 941,2773 990,2773 1038,2774 1087,2776 1136,2776 1185,2773"/>
                <TextEquiv>
                    <Unicode>exitativa, por lo que le anticipo mis agradeci-</Unicode>
                </TextEquiv>
            </TextLine>
            <TextLine id="l_52" custom="readingOrder {index:23;}">
                <Coords points="205,2822 1068,2828 1054,2785 204,2760"/>
                <Baseline points="211,2800 254,2800 297,2803 340,2806 383,2806 426,2808 469,2809 512,2809 555,2811 598,2812 641,2810 684,2811 727,2814 770,2815 813,2815 856,2815 899,2815 942,2815 985,2815 1028,2816 1071,2818"/>
                <TextEquiv>
                    <Unicode>mientos y me suscribo su atento servidor.</Unicode>
                </TextEquiv>
            </TextLine>
            <TextLine id="l_53" custom="readingOrder {index:24;}">
                <Coords points="667,2878 717,2889 768,2871 892,2903 964,2882 1040,2889 1074,2869 1126,2897 1152,2888 1151,2825 1093,2813 995,2839 666,2817"/>
                <Baseline points="674,2854 699,2857 724,2860 749,2860 775,2860 800,2860 825,2860 851,2860 876,2862 901,2863 927,2863 952,2863 977,2863 1003,2863 1028,2863 1053,2863 1079,2863 1104,2863 1129,2864 1155,2866"/>
                <TextEquiv>
                    <Unicode>WARDOQUEO GARCIA U.</Unicode>
                </TextEquiv>
            </TextLine>
            <TextEquiv>
                <Unicode></Unicode>
            </TextEquiv>
        </TextRegion>
        <TextRegion id="r_5" custom="readingOrder {index:4;}">
            <Coords points="1230,2907 1230,3213 203,3213 203,2907"/>
            <TextLine id="l_166" custom="readingOrder {index:0;}">
                <Coords points="376,3020 509,2995 567,3029 656,3030 696,3000 835,3028 877,3006 971,3020 1015,3014 1014,2951 884,2911 764,2945 737,2923 666,2938 606,2918 374,2933"/>
                <Baseline points="382,2988 413,2990 445,2991 477,2991 509,2988 541,2988 572,2989 604,2991 636,2993 668,2994 700,2994 731,2992 763,2991 795,2992 827,2994 859,2994 890,2995 922,2997 954,2999 986,3001 1018,3003"/>
                <TextEquiv>
                    <Unicode>25 DE MAYO.</Unicode>
                </TextEquiv>
            </TextLine>
            <TextLine id="l_167" custom="readingOrder {index:1;}">
                <Coords points="237,3061 1195,3082 1185,3036 236,3002"/>
                <Baseline points="244,3048 291,3048 339,3054 386,3057 434,3058 482,3060 529,3060 577,3061 625,3063 672,3063 720,3063 768,3065 815,3068 863,3069 911,3066 958,3069 1006,3069 1054,3069 1101,3069 1149,3072 1197,3069"/>
                <TextEquiv>
                    <Unicode>Bendita fecha! Fuistes tú, la que iniciastes mi</Unicode>
                </TextEquiv>
            </TextLine>
            <TextLine id="l_168" custom="readingOrder {index:2;}">
                <Coords points="204,3110 573,3108 804,3151 1191,3132 1162,3078 204,3067"/>
                <Baseline points="211,3095 260,3093 309,3095 358,3096 407,3099 456,3101 505,3103 555,3104 604,3106 653,3104 702,3104 751,3107 800,3107 849,3111 899,3113 948,3112 997,3112 1046,3113 1095,3111 1144,3112 1194,3113"/>
                <TextEquiv>
                    <Unicode>nueva vida, pues desde ese día aprendí a vivir</Unicode>
                </TextEquiv>
            </TextLine>
            <TextLine id="l_169" custom="readingOrder {index:3;}">
                <Coords points="198,3154 634,3154 633,3119 574,3108 544,3126 440,3114 425,3126 357,3103 197,3116"/>
                <Baseline points="206,3140 231,3138 256,3137 282,3137 307,3137 333,3137 358,3138 383,3140 409,3142 434,3143 460,3143 485,3143 510,3143 536,3143 561,3143 587,3146 612,3149 638,3152"/>
                <TextEquiv>
                    <Unicode>para recordarte a ti!</Unicode>
                </TextEquiv>
            </TextLine>
            <TextLine id="l_170" custom="readingOrder {index:4;}">
                <Coords points="231,3208 1192,3227 1191,3176 1152,3158 1070,3173 990,3138 884,3171 230,3151"/>
                <Baseline points="238,3179 285,3182 333,3182 381,3183 429,3188 477,3188 524,3189 572,3192 620,3194 668,3194 716,3194 763,3196 811,3197 859,3197 907,3197 955,3200 1002,3200 1050,3200 1098,3201 1146,3202 1194,3203"/>
                <TextEquiv>
                    <Unicode>Recuerdas ese Santo Dia memorable, en que</Unicode>
                </TextEquiv>
            </TextLine>
            <TextEquiv>
                <Unicode></Unicode>
            </TextEquiv>
        </TextRegion>
        <TextRegion id="r_4" custom="readingOrder {index:5;}">
            <Coords points="1259,1469 1259,321 2269,321 2269,1469"/>
            <TextLine id="l_54" custom="readingOrder {index:0;}">
                <Coords points="1271,397 2200,417 2260,405 2259,334 1270,343"/>
                <Baseline points="1277,379 1326,382 1375,382 1424,382 1474,382 1523,383 1572,383 1622,384 1671,385 1720,385 1770,385 1819,388 1868,388 1917,388 1967,388 2016,388 2065,390 2115,391 2164,391 2213,391 2263,388"/>
                <TextEquiv>
                    <Unicode>tus labios unidos a los mios, sellaron para siem-</Unicode>
                </TextEquiv>
            </TextLine>
            <TextLine id="l_55" custom="readingOrder {index:1;}">
                <Coords points="1261,442 1985,446 1976,399 1261,396"/>
                <Baseline points="1268,429 1304,424 1340,423 1376,423 1412,423 1448,423 1484,423 1520,425 1556,426 1592,426 1628,426 1664,423 1700,427 1736,429 1772,429 1808,429 1844,429 1880,429 1916,428 1952,427 1988,429"/>
                <TextEquiv>
                    <Unicode>pre nuestro inquebrantable amor?</Unicode>
                </TextEquiv>
            </TextLine>
            <TextLine id="l_56" custom="readingOrder {index:2;}">
                <Coords points="1309,479 2185,494 2183,440 2077,418 1964,450 1308,432"/>
                <Baseline points="1316,465 1359,465 1403,465 1446,468 1490,468 1534,471 1577,469 1621,470 1664,471 1708,471 1752,471 1795,471 1839,473 1882,472 1926,473 1970,474 2013,474 2057,474 2100,476 2144,476 2188,477"/>
                <TextEquiv>
                    <Unicode>Negarás hoi lo que me jurastes en ese dia?</Unicode>
                </TextEquiv>
            </TextLine>
            <TextLine id="l_57" custom="readingOrder {index:3;}">
                <Coords points="1306,529 2203,558 2254,548 2254,496 1305,481"/>
                <Baseline points="1313,510 1360,510 1407,510 1454,513 1501,513 1549,513 1596,514 1643,516 1690,516 1737,516 1785,516 1832,516 1879,516 1926,518 1973,519 2021,519 2068,522 2115,522 2162,522 2209,522 2257,522"/>
                <TextEquiv>
                    <Unicode>Llegarás a ser ingrata ante míiante tu con-</Unicode>
                </TextEquiv>
            </TextLine>
            <TextLine id="l_58" custom="readingOrder {index:4;}">
                <Coords points="1264,577 1281,577 1313,562 1381,563 1399,573 1441,565 1440,526 1396,530 1383,520 1362,533 1350,523 1318,530 1289,511 1263,514"/>
                <Baseline points="1271,552 1299,554 1328,555 1357,555 1386,555 1415,555 1444,555"/>
                <TextEquiv>
                    <Unicode>ciencia?</Unicode>
                </TextEquiv>
            </TextLine>
            <TextLine id="l_113" custom="readingOrder {index:5;}">
                <Coords points="1315,616 2183,628 2263,616 2263,577 1314,564"/>
                <Baseline points="1322,594 1369,597 1416,597 1463,600 1510,600 1558,600 1605,601 1652,602 1699,600 1746,601 1794,603 1841,603 1888,605 1935,604 1982,605 2030,606 2077,609 2124,609 2171,609 2218,609 2266,606"/>
                <TextEquiv>
                    <Unicode>Tú no sabes que la última oración que murmu-</Unicode>
                </TextEquiv>
            </TextLine>
            <TextLine id="l_114" custom="readingOrder {index:6;}">
                <Coords points="1268,649 2263,662 2263,614 1268,603"/>
                <Baseline points="1274,635 1323,638 1373,641 1422,641 1472,641 1522,643 1571,644 1621,644 1670,644 1720,644 1770,644 1819,647 1869,648 1918,649 1968,647 2018,647 2067,649 2117,652 2166,650 2216,653 2266,650"/>
                <TextEquiv>
                    <Unicode>ran mis labios al entregarme al sueño es la que</Unicode>
                </TextEquiv>
            </TextLine>
            <TextLine id="l_115" custom="readingOrder {index:7;}">
                <Coords points="1268,695 2260,714 2246,663 1268,656"/>
                <Baseline points="1274,683 1323,683 1372,683 1422,684 1471,686 1521,686 1570,686 1620,688 1669,689 1719,689 1768,689 1817,689 1867,691 1916,689 1966,690 2015,692 2065,692 2114,694 2164,692 2213,695 2263,692"/>
                <TextEquiv>
                    <Unicode>dedico a tí, ique al invocarte, te presentas aro-</Unicode>
                </TextEquiv>
            </TextLine>
            <TextLine id="l_116" custom="readingOrder {index:8;}">
                <Coords points="1268,740 2263,752 2231,704 1266,696"/>
                <Baseline points="1274,728 1323,728 1373,728 1422,728 1472,728 1522,730 1571,731 1621,731 1670,731 1720,731 1770,731 1819,731 1869,732 1918,734 1968,734 2018,736 2067,737 2117,737 2166,740 2216,740 2266,740"/>
                <TextEquiv>
                    <Unicode>matizando mi lecho con ese perfume que sólo las</Unicode>
                </TextEquiv>
            </TextLine>
            <TextLine id="l_117" custom="readingOrder {index:9;}">
                <Coords points="1269,781 2104,796 2112,747 2049,773 1908,741 1268,740"/>
                <Baseline points="1274,770 1316,770 1358,773 1400,773 1442,773 1484,773 1526,773 1568,773 1610,773 1652,774 1695,776 1737,776 1779,776 1821,777 1863,779 1905,779 1947,779 1989,782 2031,782 2073,785 2116,782"/>
                <TextEquiv>
                    <Unicode>margaritas i las dalias pueden dar....?</Unicode>
                </TextEquiv>
            </TextLine>
            <TextLine id="l_118" custom="readingOrder {index:10;}">
                <Coords points="1306,828 2266,828 2236,776 2090,805 1306,783"/>
                <Baseline points="1313,812 1360,812 1408,815 1456,816 1504,818 1552,818 1599,818 1647,818 1695,820 1743,821 1791,821 1838,819 1886,820 1934,821 1982,824 2030,824 2077,824 2125,824 2173,824 2221,824 2269,824"/>
                <TextEquiv>
                    <Unicode>Sigue pensando en mí, como yo jamás he deja-</Unicode>
                </TextEquiv>
            </TextLine>
            <TextLine id="l_119" custom="readingOrder {index:11;}">
                <Coords points="1258,873 2247,893 2266,828 1256,820"/>
                <Baseline points="1265,856 1315,856 1365,856 1415,857 1465,860 1516,860 1566,861 1616,862 1666,862 1716,862 1767,863 1817,865 1867,864 1917,864 1967,865 2018,867 2068,868 2118,868 2168,871 2218,871 2269,871"/>
                <TextEquiv>
                    <Unicode>do de pensar en tí, que el destino al fin, nos hará</Unicode>
                </TextEquiv>
            </TextLine>
            <TextLine id="l_120" custom="readingOrder {index:12;}">
                <Coords points="1261,921 1636,951 1752,918 1941,947 2036,916 2098,950 2254,926 2254,892 2170,876 1261,868"/>
                <Baseline points="1268,901 1317,901 1366,901 1416,902 1465,904 1515,906 1564,907 1614,907 1663,907 1713,907 1762,907 1811,910 1861,909 1910,908 1960,911 2009,913 2059,911 2108,912 2158,916 2207,913 2257,913"/>
                <TextEquiv>
                    <Unicode>algún día felices, por mas que esa no sea tu as-</Unicode>
                </TextEquiv>
            </TextLine>
            <TextLine id="l_121" custom="readingOrder {index:13;}">
                <Coords points="1261,966 1328,953 1366,964 1382,956 1456,959 1456,920 1418,912 1366,911 1328,922 1294,910 1261,921"/>
                <Baseline points="1268,949 1295,945 1322,944 1349,945 1377,946 1404,946 1431,948 1459,949"/>
                <TextEquiv>
                    <Unicode>piración.</Unicode>
                </TextEquiv>
            </TextLine>
            <TextLine id="l_122" custom="readingOrder {index:14;}">
                <Coords points="1300,994 2251,1018 2261,952 1299,964"/>
                <Baseline points="1307,985 1357,988 1407,989 1458,991 1508,991 1559,993 1609,994 1660,994 1710,994 1761,997 1811,996 1862,995 1912,997 1963,997 2013,997 2064,1000 2114,1000 2165,1000 2215,1001 2266,1003"/>
                <TextEquiv>
                    <Unicode>Recibe pues, adorada “MIA", un ramillete de</Unicode>
                </TextEquiv>
            </TextLine>
            <TextLine id="l_123" custom="readingOrder {index:15;}">
                <Coords points="1258,1035 2259,1057 2244,1011 1258,994"/>
                <Baseline points="1265,1030 1314,1032 1364,1032 1414,1033 1464,1035 1513,1035 1563,1035 1613,1037 1663,1035 1712,1038 1762,1038 1812,1038 1862,1038 1911,1039 1961,1041 2011,1041 2061,1041 2110,1041 2160,1044 2210,1044 2260,1047"/>
                <TextEquiv>
                    <Unicode>margaritas i dalias, en recordación al segundo a-</Unicode>
                </TextEquiv>
            </TextLine>
            <TextLine id="l_124" custom="readingOrder {index:16;}">
                <Coords points="1261,1098 1536,1095 1642,1126 1882,1085 2080,1092 2079,1051 2040,1046 1260,1040"/>
                <Baseline points="1268,1077 1308,1074 1349,1074 1390,1076 1431,1077 1471,1077 1512,1078 1553,1080 1594,1080 1634,1080 1675,1080 1716,1083 1757,1083 1797,1083 1838,1083 1879,1083 1920,1083 1960,1083 2001,1084 2042,1085 2083,1083"/>
                <TextEquiv>
                    <Unicode>niversario de nuestra iniciada felicidad!</Unicode>
                </TextEquiv>
            </TextLine>
            <TextLine id="l_125" custom="readingOrder {index:17;}">
                <Coords points="1843,1168 1879,1153 1947,1170 2035,1153 2108,1166 2144,1152 2201,1157 2221,1148 2221,1077 2110,1074 2058,1098 1842,1095"/>
                <Baseline points="1848,1122 1873,1124 1898,1125 1923,1127 1948,1128 1973,1128 1998,1128 2023,1128 2048,1128 2073,1128 2098,1130 2123,1130 2148,1127 2173,1127 2198,1132 2224,1131"/>
                <TextEquiv>
                    <Unicode>CONSECUENTE.</Unicode>
                </TextEquiv>
            </TextLine>
            <TextLine id="l_127" custom="readingOrder {index:18;}">
                <Coords points="1303,1222 2260,1245 2259,1195 2016,1172 1303,1165"/>
                <Baseline points="1310,1215 1357,1215 1405,1218 1452,1218 1500,1218 1548,1218 1595,1219 1643,1221 1691,1221 1738,1221 1786,1223 1834,1224 1881,1224 1929,1224 1977,1227 2024,1224 2072,1224 2120,1224 2167,1227 2215,1230 2263,1230"/>
                <TextEquiv>
                    <Unicode>El significado de la dalia es: unión recíproca;</Unicode>
                </TextEquiv>
            </TextLine>
            <TextLine id="l_128" custom="readingOrder {index:19;}">
                <Coords points="1252,1269 1569,1304 2251,1289 2251,1246 2109,1232 1252,1224"/>
                <Baseline points="1259,1256 1308,1256 1358,1260 1408,1262 1458,1262 1507,1262 1557,1262 1607,1264 1657,1262 1706,1265 1756,1265 1806,1266 1856,1268 1905,1268 1955,1268 2005,1268 2055,1268 2104,1271 2154,1271 2204,1271 2254,1268"/>
                <TextEquiv>
                    <Unicode>el de la margarita inocencia; el del geranio: ca-</Unicode>
                </TextEquiv>
            </TextLine>
            <TextLine id="l_129" custom="readingOrder {index:20;}">
                <Coords points="1261,1332 1278,1329 1291,1315 1304,1318 1314,1309 1353,1318 1366,1310 1377,1318 1412,1312 1413,1278 1313,1265 1295,1265 1284,1274 1263,1266"/>
                <Baseline points="1268,1304 1297,1303 1326,1301 1356,1301 1385,1301 1415,1301"/>
                <TextEquiv>
                    <Unicode>pricho.</Unicode>
                </TextEquiv>
            </TextLine>
            <TextLine id="l_130" custom="readingOrder {index:21;}">
                <Coords points="1304,1357 2254,1372 2252,1320 2051,1305 1303,1310"/>
                <Baseline points="1310,1343 1357,1346 1404,1346 1452,1346 1499,1347 1546,1349 1594,1349 1641,1350 1688,1352 1736,1352 1783,1352 1830,1352 1878,1354 1925,1355 1972,1355 2020,1355 2067,1358 2114,1358 2162,1358 2209,1358 2257,1358"/>
                <TextEquiv>
                    <Unicode>Queda usted lógicamente corregido i por tan-</Unicode>
                </TextEquiv>
            </TextLine>
            <TextLine id="l_131" custom="readingOrder {index:22;}">
                <Coords points="1258,1411 1399,1442 1487,1407 2080,1415 2079,1368 1256,1349"/>
                <Baseline points="1265,1388 1305,1388 1346,1390 1387,1391 1428,1391 1469,1391 1510,1391 1551,1391 1592,1392 1633,1394 1674,1394 1714,1394 1755,1394 1796,1397 1837,1397 1878,1397 1919,1397 1960,1397 2001,1396 2042,1396 2083,1400"/>
                <TextEquiv>
                    <Unicode>to, complacido, señor CONSECUENTE.</Unicode>
                </TextEquiv>
            </TextLine>
            <TextLine id="l_132" custom="readingOrder {index:23;}">
                <Coords points="2034,1466 2099,1460 2123,1479 2134,1479 2141,1472 2158,1476 2197,1452 2215,1451 2212,1403 2181,1406 2168,1416 2104,1404 2094,1411 2062,1407 2033,1416"/>
                <Baseline points="2039,1442 2064,1443 2090,1444 2115,1444 2141,1445 2166,1447 2192,1447 2218,1447"/>
                <TextEquiv>
                    <Unicode>EUREKA</Unicode>
                </TextEquiv>
            </TextLine>
            <TextEquiv>
                <Unicode></Unicode>
            </TextEquiv>
        </TextRegion>
        <TextRegion id="r_7" custom="readingOrder {index:6;}">
            <Coords points="2269,1469 2269,3217 1259,3217 1259,1469"/>
            <TextLine id="l_133" custom="readingOrder {index:0;}">
                <Coords points="1513,1594 1991,1597 1990,1525 1742,1500 1511,1514"/>
                <Baseline points="1519,1573 1544,1573 1569,1573 1594,1573 1619,1573 1644,1573 1669,1572 1694,1570 1719,1573 1744,1576 1769,1576 1794,1576 1819,1576 1844,1576 1869,1576 1894,1577 1919,1579 1944,1580 1969,1582 1994,1582"/>
                <TextEquiv>
                    <Unicode>SIMBOLOS</Unicode>
                </TextEquiv>
            </TextLine>
            <TextLine id="l_134" custom="readingOrder {index:1;}">
                <Coords points="1554,1662 2203,1677 2203,1609 2148,1598 2063,1624 1722,1594 1554,1612"/>
                <Baseline points="1561,1645 1593,1645 1625,1645 1657,1645 1690,1648 1722,1648 1754,1648 1786,1648 1819,1650 1851,1650 1883,1650 1915,1650 1948,1652 1980,1652 2012,1650 2044,1652 2077,1653 2109,1653 2141,1653 2173,1655 2206,1653"/>
                <TextEquiv>
                    <Unicode>Para "Fémina", afectuosamente.</Unicode>
                </TextEquiv>
            </TextLine>
            <TextLine id="l_135" custom="readingOrder {index:2;}">
                <Coords points="1350,1717 1406,1737 2010,1744 1999,1663 1896,1700 1788,1658 1696,1678 1526,1678 1457,1647 1350,1665"/>
                <Baseline points="1358,1710 1390,1712 1423,1714 1456,1716 1488,1716 1521,1718 1554,1719 1586,1719 1619,1719 1652,1719 1685,1719 1717,1719 1750,1721 1783,1722 1815,1722 1848,1722 1881,1722 1913,1722 1946,1722 1979,1725 2012,1722"/>
                <TextEquiv>
                    <Unicode>Oh Macoris, ciudad querida!</Unicode>
                </TextEquiv>
            </TextLine>
            <TextLine id="l_136" custom="readingOrder {index:3;}">
                <Coords points="1354,1785 2009,1795 2021,1744 1353,1732"/>
                <Baseline points="1361,1767 1394,1767 1427,1767 1460,1768 1493,1770 1526,1770 1559,1770 1593,1771 1626,1773 1659,1773 1692,1773 1725,1773 1758,1773 1791,1773 1825,1774 1858,1776 1891,1776 1924,1776 1957,1777 1990,1779 2024,1779"/>
                <TextEquiv>
                    <Unicode>Patria adorada de mi ilusión,</Unicode>
                </TextEquiv>
            </TextLine>
            <TextLine id="l_137" custom="readingOrder {index:4;}">
                <Coords points="1350,1833 2024,1854 2024,1793 1979,1786 1350,1785"/>
                <Baseline points="1358,1818 1391,1820 1424,1821 1458,1821 1491,1821 1525,1823 1558,1823 1592,1821 1625,1821 1659,1821 1692,1822 1725,1823 1759,1821 1792,1825 1826,1827 1859,1827 1893,1827 1926,1827 1960,1828 1993,1829 2027,1827"/>
                <TextEquiv>
                    <Unicode>aquí en tu suelo yo he nacido.</Unicode>
                </TextEquiv>
            </TextLine>
            <TextLine id="l_138" custom="readingOrder {index:5;}">
                <Coords points="1349,1884 1442,1912 1623,1893 1686,1920 1739,1899 1967,1898 1966,1848 1915,1840 1348,1834"/>
                <Baseline points="1355,1871 1385,1873 1416,1874 1447,1874 1478,1874 1508,1874 1539,1874 1570,1874 1601,1874 1631,1874 1662,1874 1693,1876 1724,1877 1754,1877 1785,1877 1816,1878 1847,1880 1877,1880 1908,1881 1939,1883 1970,1880"/>
                <TextEquiv>
                    <Unicode>bajo tu cielo y tu pabellón.</Unicode>
                </TextEquiv>
            </TextLine>
            <TextLine id="l_139" custom="readingOrder {index:6;}">
                <Coords points="1342,1953 2244,1977 2242,1917 1484,1922 1340,1888"/>
                <Baseline points="1349,1949 1393,1949 1438,1952 1483,1952 1528,1952 1573,1952 1617,1952 1662,1955 1707,1952 1752,1955 1797,1955 1841,1958 1886,1958 1931,1961 1976,1961 2021,1958 2065,1961 2110,1961 2155,1964 2200,1964 2245,1964"/>
                <TextEquiv>
                    <Unicode>Siempre en las tiernas flores del campo.</Unicode>
                </TextEquiv>
            </TextLine>
            <TextLine id="l_140" custom="readingOrder {index:7;}">
                <Coords points="1345,2009 1588,2016 1649,2044 1835,2014 2039,2035 2038,1970 1785,1984 1344,1958"/>
                <Baseline points="1352,1997 1386,1999 1421,2000 1455,2001 1490,2003 1524,2003 1559,2005 1593,2006 1628,2006 1662,2006 1697,2006 1731,2006 1766,2006 1800,2006 1835,2008 1869,2009 1904,2010 1938,2012 1973,2009 2007,2009 2042,2012"/>
                <TextEquiv>
                    <Unicode>veo los jazmines, los azahares.</Unicode>
                </TextEquiv>
            </TextLine>
            <TextLine id="l_141" custom="readingOrder {index:8;}">
                <Coords points="1345,2080 1716,2087 1775,2064 1819,2088 2041,2085 2041,2038 1962,2024 1837,2015 1761,2039 1715,2020 1644,2043 1588,2016 1430,2039 1345,2021"/>
                <Baseline points="1352,2051 1386,2053 1421,2054 1455,2055 1490,2057 1525,2057 1559,2057 1594,2058 1629,2060 1663,2060 1698,2060 1733,2060 1767,2059 1802,2057 1837,2059 1871,2060 1906,2061 1941,2063 1975,2063 2010,2063 2045,2063"/>
                <TextEquiv>
                    <Unicode>las azucenas, mas entre tanto,</Unicode>
                </TextEquiv>
            </TextLine>
            <TextLine id="l_142" custom="readingOrder {index:9;}">
                <Coords points="1357,2138 1737,2122 1986,2152 2124,2131 2127,2082 1355,2079"/>
                <Baseline points="1364,2107 1402,2107 1440,2105 1479,2104 1517,2105 1555,2107 1594,2107 1632,2107 1670,2104 1709,2106 1747,2107 1785,2109 1824,2113 1862,2113 1900,2113 1939,2116 1977,2116 2015,2116 2054,2117 2092,2118 2131,2116"/>
                <TextEquiv>
                    <Unicode>muy tenues crecen los malavares.</Unicode>
                </TextEquiv>
            </TextLine>
            <TextLine id="l_143" custom="readingOrder {index:10;}">
                <Coords points="1350,2196 2015,2214 2030,2146 1813,2163 1670,2124 1474,2161 1349,2139"/>
                <Baseline points="1358,2179 1391,2181 1425,2182 1459,2183 1493,2185 1526,2185 1560,2187 1594,2188 1628,2188 1661,2188 1695,2188 1729,2189 1763,2191 1796,2191 1830,2193 1864,2194 1898,2194 1931,2194 1965,2194 1999,2194 2033,2194"/>
                <TextEquiv>
                    <Unicode>Pero en la orilla del ancho río:</Unicode>
                </TextEquiv>
            </TextLine>
            <TextLine id="l_144" custom="readingOrder {index:11;}">
                <Coords points="1345,2247 1972,2251 1972,2212 1941,2201 1345,2202"/>
                <Baseline points="1352,2236 1383,2236 1414,2236 1445,2236 1476,2236 1508,2236 1539,2237 1570,2239 1601,2239 1632,2239 1664,2239 1695,2239 1726,2239 1757,2239 1788,2239 1820,2239 1851,2240 1882,2244 1913,2245 1944,2245 1976,2245"/>
                <TextEquiv>
                    <Unicode>las clavellinas de rojo claro.</Unicode>
                </TextEquiv>
            </TextLine>
            <TextLine id="l_145" custom="readingOrder {index:12;}">
                <Coords points="1345,2303 2001,2318 2000,2246 1948,2266 1345,2252"/>
                <Baseline points="1352,2286 1384,2286 1417,2286 1449,2286 1482,2289 1514,2289 1547,2289 1579,2289 1612,2291 1644,2292 1677,2292 1710,2292 1742,2292 1775,2292 1807,2292 1840,2295 1872,2297 1905,2297 1937,2295 1970,2297 2003,2295"/>
                <TextEquiv>
                    <Unicode>cantan y lloran su murmurío:</Unicode>
                </TextEquiv>
            </TextLine>
            <TextLine id="l_146" custom="readingOrder {index:13;}">
                <Coords points="1345,2360 2141,2373 2139,2325 2090,2301 1344,2303"/>
                <Baseline points="1352,2337 1391,2337 1431,2339 1470,2342 1510,2343 1549,2343 1589,2343 1628,2343 1668,2343 1707,2343 1747,2343 1787,2343 1826,2343 1866,2344 1905,2347 1945,2349 1984,2349 2024,2352 2063,2352 2103,2354 2143,2355"/>
                <TextEquiv>
                    <Unicode>que a mí un suspiro el viento trajo.</Unicode>
                </TextEquiv>
            </TextLine>
            <TextLine id="l_147" custom="readingOrder {index:14;}">
                <Coords points="1338,2437 2090,2448 2089,2389 2020,2364 1812,2386 1574,2368 1523,2393 1337,2368"/>
                <Baseline points="1343,2415 1380,2417 1417,2418 1455,2418 1492,2419 1530,2421 1567,2421 1605,2424 1642,2424 1680,2424 1717,2424 1754,2424 1792,2424 1829,2424 1867,2426 1904,2427 1942,2427 1979,2428 2017,2430 2054,2430 2092,2433"/>
                <TextEquiv>
                    <Unicode>Las campanillas de un azul bello.</Unicode>
                </TextEquiv>
            </TextLine>
            <TextLine id="l_148" custom="readingOrder {index:15;}">
                <Coords points="1345,2479 1987,2495 1987,2451 1920,2441 1345,2440"/>
                <Baseline points="1352,2472 1385,2472 1419,2472 1452,2472 1486,2472 1520,2472 1553,2473 1587,2475 1621,2475 1654,2475 1688,2476 1721,2477 1755,2475 1789,2475 1822,2476 1856,2477 1890,2477 1923,2479 1957,2480 1991,2480"/>
                <TextEquiv>
                    <Unicode>tocan a coro todo el camino,</Unicode>
                </TextEquiv>
            </TextLine>
            <TextLine id="l_149" custom="readingOrder {index:16;}">
                <Coords points="1342,2531 2062,2553 2077,2497 1340,2497"/>
                <Baseline points="1349,2519 1385,2519 1422,2521 1458,2522 1495,2523 1531,2525 1568,2525 1604,2525 1641,2527 1677,2528 1714,2528 1751,2528 1787,2528 1824,2528 1860,2529 1897,2530 1933,2528 1970,2531 2006,2533 2043,2534 2080,2537"/>
                <TextEquiv>
                    <Unicode>de la mañana al primer destello,</Unicode>
                </TextEquiv>
            </TextLine>
            <TextLine id="l_150" custom="readingOrder {index:17;}">
                <Coords points="1343,2613 1397,2589 1715,2628 1869,2585 1946,2617 2180,2619 2190,2573 2083,2544 1342,2533"/>
                <Baseline points="1349,2570 1391,2573 1433,2573 1475,2573 1517,2575 1559,2576 1601,2576 1643,2578 1685,2581 1727,2582 1770,2582 1812,2582 1854,2582 1896,2583 1938,2585 1980,2585 2022,2585 2064,2588 2106,2591 2148,2594 2191,2594"/>
                <TextEquiv>
                    <Unicode>brindando van su color mas fino!.....</Unicode>
                </TextEquiv>
            </TextLine>
            <TextLine id="l_151" custom="readingOrder {index:18;}">
                <Coords points="1354,2665 1765,2693 1796,2667 1891,2691 1952,2667 2167,2678 2154,2602 2029,2632 1868,2600 1715,2628 1354,2616"/>
                <Baseline points="1361,2651 1401,2651 1441,2651 1482,2653 1522,2654 1563,2654 1603,2654 1644,2655 1684,2657 1725,2657 1765,2657 1805,2657 1846,2659 1886,2662 1927,2663 1967,2663 2008,2663 2048,2663 2089,2664 2129,2666 2170,2669"/>
                <TextEquiv>
                    <Unicode>jOh floridos campos de mi Macoris!!</Unicode>
                </TextEquiv>
            </TextLine>
            <TextLine id="l_152" custom="readingOrder {index:19;}">
                <Coords points="1345,2714 2100,2734 2099,2677 1344,2672"/>
                <Baseline points="1352,2701 1389,2703 1427,2704 1464,2704 1502,2705 1540,2707 1577,2707 1615,2704 1652,2706 1690,2709 1728,2710 1765,2711 1803,2713 1840,2713 1878,2713 1916,2715 1953,2716 1991,2716 2028,2716 2066,2716 2104,2719"/>
                <TextEquiv>
                    <Unicode>¡Caminitos bellos, ricas praderas!</Unicode>
                </TextEquiv>
            </TextLine>
            <TextLine id="l_153" custom="readingOrder {index:20;}">
                <Coords points="1343,2775 2152,2791 2166,2705 1903,2746 1342,2715"/>
                <Baseline points="1349,2752 1390,2755 1431,2755 1472,2757 1513,2758 1554,2758 1595,2758 1636,2759 1677,2761 1718,2762 1759,2764 1800,2764 1841,2764 1882,2767 1923,2767 1964,2767 2005,2765 2046,2766 2087,2767 2128,2769 2170,2773"/>
                <TextEquiv>
                    <Unicode>Florecillas tiernas ¿para quien vivís?</Unicode>
                </TextEquiv>
            </TextLine>
            <TextLine id="l_154" custom="readingOrder {index:21;}">
                <Coords points="1347,2832 2114,2839 2113,2813 2007,2779 1345,2775"/>
                <Baseline points="1352,2791 1390,2799 1428,2804 1466,2808 1504,2810 1543,2812 1581,2812 1619,2812 1657,2814 1695,2813 1734,2814 1772,2816 1810,2818 1848,2818 1886,2818 1925,2818 1963,2818 2001,2818 2039,2819 2077,2822 2116,2827"/>
                <TextEquiv>
                    <Unicode>“Para Macorís, para su bandera .</Unicode>
                </TextEquiv>
            </TextLine>
            <TextLine id="l_155" custom="readingOrder {index:22;}">
                <Coords points="1347,2901 1999,2909 1997,2853 1937,2839 1873,2866 1703,2839 1638,2867 1511,2859 1426,2823 1345,2833"/>
                <Baseline points="1352,2887 1384,2885 1416,2885 1449,2887 1481,2889 1514,2889 1546,2889 1578,2889 1611,2889 1643,2889 1676,2890 1708,2892 1740,2892 1773,2892 1805,2892 1838,2895 1870,2895 1902,2895 1935,2895 1967,2897 2000,2895"/>
                <TextEquiv>
                    <Unicode>¡Oh Macorís ciudad querida!”</Unicode>
                </TextEquiv>
            </TextLine>
            <TextLine id="l_156" custom="readingOrder {index:23;}">
                <Coords points="1337,2950 2001,2971 2000,2914 1335,2906"/>
                <Baseline points="1343,2934 1376,2936 1409,2937 1442,2938 1475,2940 1508,2940 1541,2940 1574,2940 1607,2940 1640,2942 1673,2943 1706,2943 1739,2943 1772,2945 1805,2946 1838,2946 1871,2948 1904,2949 1937,2949 1970,2949 2003,2949"/>
                <TextEquiv>
                    <Unicode>Patria adorada de mi ilusión,</Unicode>
                </TextEquiv>
            </TextLine>
            <TextLine id="l_157" custom="readingOrder {index:24;}">
                <Coords points="1339,3005 1985,3018 1997,2970 1338,2955"/>
                <Baseline points="1346,2994 1378,2990 1411,2989 1444,2991 1476,2991 1509,2991 1542,2992 1574,2994 1607,2994 1640,2994 1673,2994 1705,2994 1738,2994 1771,2995 1803,2998 1836,3000 1869,3000 1901,3000 1934,3000 1967,3003 2000,3006"/>
                <TextEquiv>
                    <Unicode>jay en tu suelo yo he nacido,</Unicode>
                </TextEquiv>
            </TextLine>
            <TextLine id="l_158" custom="readingOrder {index:25;}">
                <Coords points="1330,3064 2049,3085 2048,3034 1941,3009 1734,3029 1329,3002"/>
                <Baseline points="1337,3042 1372,3042 1408,3042 1444,3043 1479,3045 1515,3045 1551,3045 1586,3045 1622,3045 1658,3046 1694,3048 1729,3048 1765,3050 1801,3051 1836,3051 1872,3051 1908,3053 1943,3056 1979,3057 2015,3057 2051,3060"/>
                <TextEquiv>
                    <Unicode>bajo tu cielo y tu pabelión?.....</Unicode>
                </TextEquiv>
            </TextLine>
            <TextLine id="l_159" custom="readingOrder {index:26;}">
                <Coords points="1638,3147 1685,3163 1790,3146 1828,3177 1871,3149 2072,3173 2171,3147 2170,3085 2136,3100 2033,3079 1920,3100 1858,3075 1769,3094 1717,3072 1637,3087"/>
                <Baseline points="1645,3122 1671,3122 1697,3123 1724,3124 1750,3125 1777,3125 1803,3127 1829,3128 1856,3128 1882,3128 1909,3128 1935,3128 1961,3128 1988,3128 2014,3129 2041,3131 2067,3131 2093,3131 2120,3133 2146,3135 2173,3137"/>
                <TextEquiv>
                    <Unicode>HAVDÉE C. DE RIVERA.</Unicode>
                </TextEquiv>
            </TextLine>
            <TextLine id="l_160" custom="readingOrder {index:27;}">
                <Coords points="1340,3219 1440,3245 1555,3219 1634,3240 1654,3224 1819,3232 1818,3159 1790,3146 1680,3163 1583,3142 1531,3162 1386,3133 1339,3144"/>
                <Baseline points="1346,3197 1371,3199 1396,3200 1421,3200 1446,3200 1471,3200 1496,3200 1521,3200 1546,3200 1571,3200 1596,3200 1621,3200 1646,3202 1671,3203 1696,3203 1721,3203 1746,3203 1771,3203 1796,3203 1821,3206"/>
                <TextEquiv>
                    <Unicode>15 de Julio del 1923.</Unicode>
                </TextEquiv>
            </TextLine>
            <TextEquiv>
                <Unicode></Unicode>
            </TextEquiv>
        </TextRegion>
    </Page>
</PcGts>
