2479 3508
231 213 502 317 Fémina.
2005 213 2236 296 Página 10
427 306 2100 511 Por el Mundo Social
242 617 1219 702 Nuevas agentes de Fémina.—Con gran placer está en
200 677 1215 742 el desempeño de la agencia de nuestra revista
196 729 1215 790 en Baní, la distinguida y entusiasta Sta. Clara
202 775 1211 842 Luz de Ma. Billini y Fernandez, de cuya activi¬
206 829 1044 881 dad nos sentimos altamente satisfechas.
248 838 1227 923 En el Ingenio ¿Quisqueyas está desplegando
202 913 1223 971 sus energías en pro de nuestra publicación la
206 954 1131 1017 culta Sta, R. Elsa Lugo, activa e inteligente.
244 981 1215 1059 Cada agencia de nuestra revista,
206 1044 1215 1100 que se abre por el esfuerzo de una mujer, vemos
202 1088 1200 1134 en esa labor dos motivos para sentirnos agrade
202 1125 1215 1181 cidas: La entrada econónica que ayuda a sos¬
208 1177 1211 1240 tener la empresa y el fruto de nuestra labor.
213 1217 1221 1282 sea el lazo de unión, estrechado por la ayuda
202 1265 869 1338 que la mujer presta a la mujer.
250 1309 1227 1382 Aniversarios de unas bodas.—El día y del mes en
202 1377 1225 1425 curso celebraron el aniversario de sus bodas nues-
213 1423 1213 1475 tro compañero en la prensa Señor L. J. Bobea y
221 1465 1219 1527 Doña Elena M. de Bobea amigos nuestros a
213 1507 919 1567 quienes estimamos muy de veras.
248 1550 1236 1611 Los esposos, Bobea—Montero llevan S8 años
217 1596 1225 1654 de una luna de miel que nunca se ha extingui-
213 1642 1225 1715 do. Paz y armonía han reinado siempre en esa
208 1686 552 1748 unión ejemplar.
260 1709 1238 1784 Que Dios les dé vida para que celebren sus
221 1769 1229 1823 bodas de oro en plena salud y bienestar, son
217 1817 586 1896 nuestros deseos.
265 1861 1231 1946 Simpáticas bodas.—El día 3 de este mes celebraron
221 1932 1219 1988 sus bodas en el Ingenio «Angelinas los aprecia
215 1973 1215 2034 dos jóvenes Sta. Eugenia Alvarez, culta profeso
221 2019 1221 2094 ra y el caballero Juan Rivera, cajero de la ofici-
221 2063 611 2130 na de ese Ingenio.
265 2088 1227 2163 FEMINA desea una felicidad eterna en el
221 2150 1234 2211 puevo hogar, y riega flores al paso de la feliz
221 2198 379 2263 pareja.
263 2236 1231 2328 Feliz viaje.—Lo deseamos a nuestro estimado a-
229 2305 1221 2359 migo Don Eladio Sánchez. Ex-secretario de Ha-
229 2359 1231 2411 cienda y Comercio, quien va a pasar las Pascuas
221 2398 1234 2455 al lado de su distinguida familia, en la ciudad de
233 2440 471 2517 New Yori,
275 2453 1225 2548 Deseamos al hoble amigo, que recoja gratas
221 2523 1173 2596 impresiones en la gran urbe norteamericana.
269 2580 1225 2653 Primero y único repique. —Suplicamos a nuestros sus
233 2644 1242 2707 critores morosos, se sirvan de ponerse al día
229 2682 1234 2742 con la empresa durante este mes de Diciembre,
242 2730 1229 2786 pues tenemos que cumplir nuestros compromir
233 2778 1221 2828 sos con la imprenta. De lo contrario, les suspen
235 2819 1240 2869 deremos el periódico a contar del mes de Enero
242 2865 1236 2919 préxtmno, no sin antes publicar los nombres de
235 2909 1244 2963 todos los que se han quedado con dinero de la
238 2994 1038 3067 vayamos reconociendo nuevos adeptos.
235 2951 1244 3007 empresa, y cuya lista aumentará a medida que
275 3040 1234 3111 Bienvenida.—Se la damos a la Sra. Dña. Julia Gó
238 3103 1246 3157 mez de Cardona i sus niños, distinguida familia
242 3153 1234 3207 (esposa e hijos) de nuestro compañero Sr. J.
242 3194 1244 3259 Cardona Ayala, director del Bolentin Mereantil,
1248 598 2265 696 y quienes procedentes La Vega han fijado su re-
1248 675 2273 733 sidencia en el pintoresco ensanche de «Villas
1250 715 2271 790 Providencias, en donde se ponen a las órdenes
1254 771 1877 825 de sus relacionados y amigos.
1298 781 2275 871 Al presentarle nuestra cordial bienvenida, nos
1254 852 2284 942 ponemos a las órdenes de la apreciable familia
1254 904 1752 969 Cardona Ayala-Gomez.
1302 934 2290 1019 Concurso ciéntifico Literario.—La sociedad "Amantes.
1259 1006 2278 1065 de la Luz", de Santiago celebró el día ó de este
1259 1056 2267 1111 mes un Concurso Ciéntifico Literario que culini-
1259 1104 2280 1156 nó con la elección a la Sta. Estela Espaillat como
1254 1146 2278 1213 Reina de los Juegos Florales de dicho concurso.
1298 1196 2275 1254 El poeta Armando Oscar Pacheco, de los can-
1254 1236 2282 1296 tores del río Higuamo, triunfó en el certamen,
1263 1277 2271 1336 obteniendo el primer premio a su trabajo litera-
1263 1321 2282 1377 rio. A él le correspondió, por tanto, la elección
1269 1365 2282 1427 de la reina, que recayó en Estela Espaillat, bella
1269 1413 2271 1465 señorita de aquella sociedad, cuyo grabado pu-
1275 1457 2259 1515 blicamos en una de nuestras pasadas ediciones.
1296 1502 2278 1565 Felicitamos al poeta que ciñe un laúrel, ia la
1263 1538 2215 1625 reina que ciñe una corona, sobre sus frentes.
1307 1602 2278 1667 Recomendamos. —Recomendamos a nuestros lecto-
1269 1659 2284 1713 tores la lectura de nuestro editoria! "Feminismo”
1269 1702 2290 1755 ¡Mujeres", de la renombrada escritora chilena
1277 1752 2288 1805 Vera Zourofí, i que por identificarse con nuestra
1265 1790 2200 1850 manera de sentira el feminismo
1265 1825 2278 1898 nuestras aspiraciones reproducimos de "Femi-
1263 1880 1744 1952 nismo Internacional”.
1307 1923 2290 2005 Subsanando. —En la composición poética intitulada
1304 1992 2275 2050 Desengaño" inserta en nuestro número ante-
1271 2034 2284 2100 rior en la linea da. de la cuarta estrofa léase:
1275 2086 2117 2146 gratos efluvios en vez de gratos eflusivios.
1307 2128 2290 2211 Aniversario.—Nuestro colega local “Boletín Mer-
1271 2194 2292 2248 cantil", entra hoy en el noveno año de vida. Su
1275 2238 2296 2294 labor útil y fecunda lo ha hecho acrcedor ala
1271 2288 2284 2350 confianza y simpatía de sus numerosos lectores,
1282 2332 2292 2407 pues éste es uno de los diarios que tiene bien
1271 2375 2255 2444 interpretada la verdadera misión de la prensa.
1313 2409 2296 2469 Felicitamos al colega luchador, deseándole
1271 2463 2282 2540 celebre muchos aniversarios más de vida de las
1271 2509 1675 2580 bor honrada y útil.
1313 2559 2290 2640 Donde Villamarzo.—Señores! Hasta Macoris vienen
1271 2615 2296 2682 las noticias de que el colmado de la gran “Casa
1282 2667 2296 2726 Villamarzo" se desborda, pues tiene de todo los
1277 2719 2296 2782 que con tanto agrado se come en Noche Buena
1282 2767 1525 2834 y Pascuas.
1319 2780 2298 2867 El surtido es completo, fresquecito y barato,
1282 2842 2296 2905 en "Isabel la Católica” esq. a “Luperón" Sto.
1282 2898 1492 2969 Domingo.
1323 2955 2296 3026 Buena Adquisición. —Nuestro colega local «Boletin
1290 3013 2298 3067 Mercantilz ha hecho una buena adquisición,
1284 3061 2296 3124 nombrando al Señor L. J. Bobea su Redactor y
1277 3103 1738 3171 Jefe de Información.)
1325 3121 2292 3211 Felicitamos por tal motivo al Boletin y al a-
1277 3194 1559 3267 migo Bobea.
