2479 3508
904 229 1555 282 VINA
1367 304 1570 354 E
450 358 1848 417 REVISTA DE LITERATURA, CIENCIAS Y ARTES
737 393 1582 452 CONSAGRADAALA MUJER.
794 483 1516 542 DIRECTORA ADMINISTRADORA:
680 534 1633 593 PETRONILA ANGELICA GOMEZ
976 593 1331 646 Maestra Normal.
994 698 1328 748 REDACTORES:
686 764 1633 820 MARIA L. ANGELIS DE CANINO.
256 811 2065 873 PETRONILA A. GOMEZ, CONSUELO MONTALVO DE FRIAS.
1962 901 2152 959 No 6
761 910 1579 969 San Pedro de Macorí, Octubre 15 de 1922
167 928 289 981 Año 1
549 1101 1761 1157 Perfeccionando el Hogar.
352 1295 1146 1360 EANUDANDO mi labor inte¬
370 1352 1152 1405 rrumpida para dar curso á las
379 1399 1149 1464 ideas de mis compañeras de re¬
167 1413 250 1467 E
370 1459 1152 1518 dacción, vuelvo á la lid, serena
236 1507 343 1573 N
379 1513 1152 1572 la razón y fija la mirada en la
235 1534 349 1608 E
155 1534 235 1605 N
382 1567 1155 1623 penumbra del incierto porvenir.
191 1620 1152 1682 Prosigo infatigable por la senda tortuosa
137 1674 1149 1736 en pos de la realidad tangible del sueño
143 1722 1143 1787 dorado de mi mente, abrigando la esperan¬
137 1776 1149 1841 za de que mis frases no volarán en alas del
137 1829 1152 1891 cierto cruel de la indiferencia, para per¬
137 1880 1146 1945 derse en el vacío como inútiles recortes
146 1943 558 2002 arrojados al azar.
203 1991 1152 2050 Os había dicho amables lectoras, que una
146 2038 1149 2103 esmerada cultura sería el camino mas bre¬
152 2092 1161 2157 ve para ascender á la cima de nuestras
149 2146 1158 2220 justas aspiraciones. Y en verdad que se
140 2200 1158 2265 impone en esta época floreciente en que
155 2265 537 2318 todo evoluciona.
206 2304 1161 2369 Es el instante precioso de sondear con
152 2358 1161 2426 calma y pericia el enigmático y tormentoso
149 2409 1158 2477 oleaje político social, para extraer las pre¬
149 2465 1161 2527 ciosas perlas que han de orlar la triunfal
149 2516 1164 2584 diadema que ceñirá la frente de la mujer
155 2573 1161 2635 fuerte y heróica que sepa reconstruir el
158 2630 1015 2691 hermoso alcázar de nuestra libertad.
244 2683 1170 2739 En el fondo del mal el bien palpita,
158 2728 1176 2793 dijo el inmortal Velarde, y vo añado: en el
155 2791 922 2847 fondo del alma el bien se anida.
211 2833 1170 2903 Armémonos de valor moral en el comba¬
158 2892 1173 2951 te rudo entre el instinto y la razón cuando
164 2940 1173 3008 el atavismo oponga sus tupidos valladares
161 2994 1173 3059 a nuestro paso; cuando el recio vendaval
164 3050 1173 3112 de las pasiones arrastre de nuestro campo
1191 1289 2203 1345 la simiente salvadora y haciendo nuevos
1188 1346 1928 1402 surcos sembremos nuevamente.
1247 1405 2203 1467 Atravesemos con el Dante del infierno
1197 1456 2209 1524 al purgatorio y de este á la Gloria, do en¬
1194 1513 2203 1572 contraremos plena de fulgores la hermosa
1206 1567 2116 1623 visión de nuestras santas ensoñaciones.
1250 1626 2200 1691 Establezcamos nuevos métodos y funde¬
1203 1677 2206 1748 mos institucciones que propendan al ade¬
1200 1734 2206 1799 lanto cultural y al esparcimiento del espí¬
1206 1788 2206 1847 ritu para dar comienzo al sistema educati¬
1209 1841 2212 1900 vo que habrá de emanciparnos de esta vida
1203 1892 2203 1954 monástica que nos sumerge en el oscuran¬
1200 1949 2206 2008 tismo y nos conduce á la incapacidad para
1212 2009 1597 2065 la vida práctica.
1250 2062 2212 2127 No escuchais!.... En la fértil campiña
1209 2113 2203 2178 de esmeralda que festona de luminosos tin¬
1206 2167 2212 2232 tes, el sol augusto de la idea, se siente un
1209 2218 2221 2282 wago rumor, algo así como el tenue aleteo
1206 2277 2215 2336 de las doradas mariposas del ensueño, en
1206 2325 2218 2390 los cálices que se abren al ósculo fecundan¬
1212 2391 1495 2444 te de la luz.
1262 2435 2212 2503 Es el euro que despierta las pálidas ro¬
1209 2495 2218 2560 sas que dormitan en la fatídica noche de
1215 2558 1528 2614 la esclavitud.
1259 2609 2215 2680 ¡Saludad, hermosas hijas de mi patria.
1206 2659 2221 2727 amada, la aurora que se avecina! ¡Tended
1224 2713 2218 2775 vuestras alas hacia el punto luminoso que
1218 2773 2218 2832 se vislumbra en el horizonte de Quisqueva,
1212 2815 2218 2886 la indómita sultana que se tiende majes¬
1212 2874 2215 2936 tuosa sobre el zafiro inmenso del océano y
1215 2925 2215 2993 bajo la interminable turquesa de su diáfa¬
1218 2994 1442 3044 no cielo!.
1922 3036 2176 3086 MAGNOLIA.
