2479 3508
247 89 510 142 Femina
2065 74 2263 127 Página 2
549 411 1982 464 JOSE RAMON LOPEZ.
310 725 1247 781 ENCIDO por la implacable guadaña
361 779 1244 831 de la muerte descendió hace algunos
208 832 1247 888 días á las regiones ignoradas del no ser, el
214 886 1227 939 más conspícuo y ático de los periodistas do
214 940 1244 996 minicanos, el ilustre polígrafo don José
214 999 558 1049 Ramón López.
253 1074 1238 1127 De su pluma puede muy bien decirse:
217 1134 1244 1184 fué espada en el combate y látigo para la
217 1185 400 1241 tiranía.
268 1265 1244 1318 La desaparición del escenario de la vida,
208 1319 1247 1369 del ilustre hombre público, era esperada
223 1367 1238 1432 por nosotros como un golpe fatal e irreme¬
220 1423 1250 1479 diable. Cruel dolencia le había postrado
220 1474 1244 1533 hacía tiempo, y haciéndose cada vez mas
220 1531 1238 1584 visible el estrago de su vigoroso organis¬
220 1585 1244 1638 mo, cayó por fin, como el corpulento roble
223 1644 856 1694 azotado por la tempestad.
268 1722 1250 1772 Como en justas literarias, los artículos
226 1776 1244 1829 necrológicos pletóricos de alabanzas al ilus¬
223 1829 1244 1882 tre fenecido han acudido con oportunidad:
232 1877 1244 1936 pero como la mayor parte de los periodis¬
229 1937 1250 1987 tas han silenciado inexplicablemente el
229 1991 1250 2041 bosquejo de unos rasgos biográficos, que
232 2044 1250 2097 pongan de relieve los subidos quilates de
226 2101 1250 2154 aquel varon insigne, hay como una laguna,
226 2152 1253 2205 como un vacío que debió colmarse para
229 2206 1250 2259 que resaltara como edificante ejemplo, el
229 2259 1253 2312 ansia del hombre que nunca supo sino de
229 2316 1244 2366 fecunda labor progresista, de aquel cora¬
229 2367 1250 2420 zón siempre abierto para el bien; de aquel
223 2421 1253 2474 cerebro fuente fecunda de pensamientos
226 2477 656 2530 nobles y grandes.
280 2555 1265 2611 Eso faltó, y es lástima, para pintar una
232 2612 850 2665 mentalidad y un virtuoso.
283 2689 1259 2748 A qué atribuir esa injustificable indife¬
229 2746 412 2799 rencia?
280 2821 1262 2880 José Ramón López ha muerto en una ho¬
229 2877 1253 2933 ra en que las pasiones políticas rugen de¬
226 2934 1259 2987 sencadenadas, fieramente desencadenadas.
238 2988 1259 3041 Quizás sus contrarios, en completo desa¬
232 3045 1250 3098 cuerdo con las opiniones que él sustentó y
229 3095 1265 3151 exteriorizó virilmente, han querido debili¬
1289 767 2313 826 magnitud que brilló con luz propia, que
1283 823 2313 882 siempre se atrajo las responsabilidades
1283 874 2316 936 morales y materiales en sus campañas de
1292 925 2313 987 la prensa, sin rehuir jamás las consecuen¬
1283 982 2313 1043 cias. ¡Oh la política dominicana! ¡Como
1289 1035 2313 1094 es ella la culpable de mil errores y como
1283 1089 2313 1151 debemos a ella el último, el mas grave de
1289 1152 1531 1211 todos!
1343 1226 2313 1282 Hagamos á un lado el interés político y
1292 1274 2319 1339 repitamos con el inteligente y atildado es¬
1289 1334 2319 1393 critor Vigil Díaz: Tu pluma escribió con
1295 1385 2313 1447 sangre lo que escribió, lo que pensó tu ce¬
1289 1444 2316 1503 rebro, bueno o malo, lo garantizó tu viril,
1295 1495 2322 1554 tu indiscutible valor, y esto es un signo de
1289 1549 2313 1605 super-hombría. Hombre hecho de una
1286 1603 2319 1664 sola pieza: valor y lealtad, que dijera el
1289 1662 2089 1715 no menos ático Félix M. Nolasco.
1340 1734 2313 1796 José Ramón López fué el talento mas po¬
1295 1794 2325 1850 deroso que ha producido Santo Domingo
1301 1853 1907 1906 en estos últimos tiempos.
1343 1928 2322 1984 Cuentista, novelista, polemista, educa¬
1289 1985 2325 2038 dor, autor de libros didácticos, literarios.
1295 2032 2316 2094 sociológicos. De aquel cerebro vigoroso sa¬
1295 2086 2322 2148 lieron: La Alimentación y la Raza, Ma¬
1295 2143 2325 2202 nual de Agricultura, Geografía de las
1618 2194 2325 2252 dicia Cuentos Puertoplate¬
1295 2200 1498 2256 Antillas
1298 2247 2331 2312 ños, un libro de lectura inédito, y otros
1298 2301 2328 2366 que, como sazonados frutos de su esclare¬
1304 2364 2325 2417 cido talento, lega José Ramón Lopez á la¬
1301 2421 1854 2474 cultura de la sociedad.
1352 2498 2340 2551 Ningún escritor dominicano ha escrito
1295 2552 2334 2602 cosas originales en la cantidad en que las
1295 2609 2095 2659 ha producido José Ramón Lopez.
1358 2686 2340 2739 Y con todo, ya que hoy la justicia no
1304 2743 2334 2799 resplandece al rededor del silencio de su
1301 2797 2337 2850 tumba, la historia hará las rectificaciones
1307 2844 2334 2903 aquí en la tierra, mientras que el Dios de
1301 2898 2337 2960 Jacob, que es el verdadero juez, se encar¬
1310 2955 2337 3020 gará de hacerlo allá en las regiones celes¬
1310 3018 1459 3068 tiales.
1609 3098 2286 3148 PETRONILA ANGELICA GOMEZ.
