2479 3508
200 92 394 145 Página 3
1922 62 2188 118 Fémina
737 384 1698 440 LA SITUACION.
943 450 1468 503 CORRECCIONES.
211 2641 585 2694 reproducir las co¬
214 2686 585 2742 recciones. M.
220 2731 597 2790 limitaré a decir
220 2761 1233 2835 que en los dos últimos párrafos insistía caluro¬
217 2806 1236 2877 samente en que debemos ensayar para obtener
214 2853 1227 2921 la Restauración de la República libre y soberana
217 2895 1224 2966 el procedimiento diplomático, ya que los demás
214 2940 1230 3011 han fracasado totalmente en las de cinco años
217 3000 853 3053 de practicarlos intensamente.
1907 2695 2277 2754 la Arabia, entre
1268 2743 2274 2811 Protectorados y Mandatos, rige también algunos
1274 2797 1985 2859 millones de sectarios de Mahoma.
1322 2847 2271 2915 El tratado de paz de Trianón casi acabó con
1280 2892 2277 2960 Turquía y con el Sultán que es el Papa de los
1277 2934 2271 3005 mohometanos, y estos no se resignan pacifica¬
1277 2976 2274 3053 mente á que á su Soberano espiritual lo des po¬
1274 3024 2274 3106 jer á la vez del Poder espiritual y del Poder tem¬
946 2680 1564 2739 DON JOSE RAMON LOPEZ.
