2479 3508
208 95 477 148 Fémina
2024 74 2248 124 Página 4
967 343 1492 399 ¿Dónde estás?
489 516 1110 572 Estrella, ¡te has ido al cielo?
498 558 1032 614 Paloma, ¿te vas de vuelo?
716 602 1024 655 ¿Dónde estás?
492 656 1050 709 Ha tiempo que no te miro:
498 704 1095 757 ¿te fuistes como un suspiro
495 746 979 808 y para siempre jamás?
504 814 991 870 Vivaracha muchachita,
501 862 1104 915 ¿es que Puck te ha dado cita
501 904 928 960 en recóndito jardín?
507 952 1056 1008 ¿Es que partes al llamado
501 996 1074 1046 de algún tierno enamorado
746 1044 913 1097 serafín?
501 1116 961 1169 Primorosa musa mía,
501 1161 964 1214 mensajera de alegría.
734 1199 961 1255 dulce flor
504 1244 1134 1303 por qué ocultas el semblante
498 1289 988 1345 a los ojos de tu amante
734 1337 922 1390 sonador
507 1405 1047 1461 Es que tienes un palacio
510 1456 1027 1506 de diamante, de topacio.
501 1498 913 1554 en un mágico país
507 1543 1152 1596 Es que algún genio te manda¬
504 1588 1056 1647 a Bagdad, á Samarkanda
743 1632 961 1685 á Paris
501 1707 1134 1757 O en el carro de algún mago.
510 1752 1125 1805 o en un cisne, sobre un lago,
510 1794 1053 1847 como un ramo de jamín,
510 1835 1041 1891 yas brindando tu delicia.
507 1883 1077 1936 mientras suave te acaricia
510 1931 967 1981 un amado Lohengring
513 1997 940 2053 Deliciosa chiquitina
510 2044 1021 2094 que en tu risa cristalina
513 2089 985 2142 das la gama del amor:
519 2140 970 2190 mariposa pintoresca,
1495 623 1686 673 Yo sabía.
1492 1143 1961 1193 de la corte de Oberón
1492 1295 1665 1354 a llevó
1247 510 1851 563 siempreviva siempre fresca,
1241 552 1806 608 de perfume embriagador,
1241 668 1755 724 que por tí la luz del día
1250 713 1740 763 recelosa estaba y fera:
1244 755 1827 814 que por ti sufre y se irrita
1250 802 1695 855 la envidiosa señorita
1492 844 1716 897 Primavera
1250 916 1833 972 Pero dónde estás, mi vida?
1247 964 1904 1017 Si en un bosque estás perdida,
1247 1008 1743 1061 ó en un negro torreón.
1253 1047 1865 1106 donde el vivo amor te prende
1253 1089 1943 1154 de algún genio, de algún duende
1250 1214 1704 1267 si un osado caballero
1256 1256 1794 1312 como un angel prisionero
1259 1349 1746 1402 mi Zoraida, mi Fatima.
1262 1397 1871 1449 quien te busque y te redima,
1486 1438 1668 1491 STA NO.
1259 1507 1833 1563 Pero mándame un miensaje
1253 1555 1800 1611 con tu enano, con tu paje,
1256 1600 1767 1650 con el viento, con el sol.
1259 1644 1776 1694 o arromado con tu aroma¬
1262 1689 1788 1745 que lo traiga una paloma¬
1501 1734 1692 1784 tornasol.
1262 1803 1961 1862 Vuelves? Vienes? Estoy triste.
1268 1844 1809 1903 Mas crel dolor no existe
1256 1895 1824 1948 que el no verte nunca más.
1265 1940 1776 1993 Dime, perla, margarita,
1271 1985 1773 2041 primorosa muchachita.
1492 2023 1791 2082 donde estas?
1648 2128 1973 2181 RUBEN DARIO.
197 2367 1227 2420 poral. El Islamismo está inquieto, alborotado
188 2412 1212 2471 y si no recibe una satisfacción, se revelará con¬
200 2456 1218 2512 tra Inglaterra. Esta lo saba, y se está prepa¬
203 2504 1119 2554 rando a evitar el conflicto o a triunfar de el
250 2543 1215 2602 En el problema dominicano no hay en favor¬
197 2594 1218 2644 de nosotros sino la débil presión de la opinión
208 2636 1221 2694 pública mundial, tan atemorizada ante la fuerza
206 2683 1227 2736 de los Estados Unidos, que aún no se haatrevido
203 2725 1230 2778 a entrar y a manifestarse oficialmente en los
203 2773 432 2826 Gabinetes,
244 2815 1218 2871 Ahora es cuando comienza esa opinión a pene¬
206 2859 1221 2912 trar en la conciencia del pueblo estadunidense y
203 2901 1227 2957 alarmarlo haciéndole sospechar que en su nom¬
203 2946 1227 3002 bre se ha perpetrado un atentado contra el dere¬
203 2991 1236 3047 cho que, en lo porvenir puede hacer daho a sus
206 3042 871 3095 intereses morales y materiales.
250 3086 1224 3139 De ahí que este sea el momento propicio para
1265 2355 2304 2414 entrar en tratos diplomáticos, aprovechando el
1268 2400 2289 2462 momento en que faquea la conciencia del pode¬
1268 2450 1827 2506 roso que nos ha sojuzgado.
1307 2492 2286 2548 Todavía no me da la salud para disertar larga¬
1262 2537 2295 2596 mente, y aquí me detengo fatigado, Pero excito
1262 2582 2292 2638 a mis compatriotas a refexionar reposadamente
1265 2627 2295 2686 hasta que queden convencidos de que este es un
1265 2674 2295 2730 momento de diplomacia aprovechable y no de
1265 2719 2298 2775 radicalismo sin juicio, con un sentimentalismo
1268 2770 1519 2823 arrebatado.
1800 2856 2260 2909 JOSE RAMON LOPEZ.
1349 2946 2295 2999 Este fué su último artículo y su último con¬
1265 2997 1848 3047 seio de ciudadano honrado.
1746 3086 2260 3136 (De Pluma y Espada)
