2479 3508
235 80 438 136 Página 5
1958 77 2230 136 Fémina
1038 441 1424 500 Sa ota.
728 570 1591 623 Tómame ahora que aún es temprano
668 620 1561 685 y que llevo dalias nuevas en la mano.
722 671 1558 727 Tómame ahora que aún es sombría
674 728 1361 781 esta taciturna cabellera mía.
725 784 1537 837 Ahora que tengo la carne olorosa,
680 838 1519 888 y los ojos limpios y la piel de rosa.
725 892 1522 942 Ahora que calza mi planta ligera
674 940 1459 993 la sandalia viva de la primavera.
728 996 1642 1049 Ahora que en mis labios repica la risa
671 1050 1534 1100 como una campana sacudida á prisa.
722 1101 1295 1151 Después.... ¡Ah, vo sé
674 1155 1567 1205 que ya nada de eso mas tarde tendré!
731 1208 1537 1258 Que entonces inútil será tu deseo.
671 1259 1639 1315 como ofrenda puesta sobre un mausoleo.
728 1310 1597 1366 Tómame ahora que aún es temprano
668 1367 1534 1426 y que tengo rica de nardos la mano!
725 1417 1770 1473 Hoy, y no mas tarde. Antes que anochezca
686 1471 1501 1524 y se vuelva mustia la corola fresca.
719 1528 1728 1578 Hoy, y no mañana. ¡Oh, amante! no ves
668 1582 1471 1638 que la enredadera crecerá ciprés
1068 1838 1388 1894 ¿Sueño?
725 1970 1719 2029 ¡Beso que ha mordido mi carne y mi boca
671 2023 1656 2076 con su mordedura que hasta el alma toca!
737 2077 1591 2133 ¡Beso que me sorbe lentamente vida.
668 2134 1591 2184 como una incurable y ardorosa herida!
737 2182 1752 2241 Fuego que me quema sin mostrar la llama
716 2235 1665 2291 que á todas horas por mas fuego clama!
731 2283 1719 2351 Fué una boca bruja o un labio hechizado
668 2343 1603 2399 el que con su beso mi alma ha llagado?
731 2394 1737 2456 Fué en sueño o vígilia que hasta mí llegó
668 2450 1624 2506 el que entre sus labios mi alma estruión
740 2501 1522 2560 Calzaré sandalias de bronce e iré
674 2558 1588 2611 A donde esté el mago que cura me de.
728 2609 1746 2668 ¡Secadme esta llaga, vendadme esta herida
680 2665 1582 2724 que por ella en fuga se me va la vida!
1215 2773 1749 2826 JUANA DE IBARBUROU.
1334 2844 1642 2897 (Uruguaya.
