2479 3508
167 95 441 148 Fémina
1982 86 2197 139 Página 6
755 349 1621 402 Como Bos quas Manas.
632 444 1561 494 Como en los viejos días de mi romanticismo
585 492 1412 542 agudo, como cuando era buen colegial,
594 534 1489 587 el surtidor que llevo del alma en el abismo
594 581 1531 634 soltó en la noche toda su amargura y su sal.
644 650 1543 703 Sellaron esas lágrimas la eterna despedida
594 698 1361 751 de la esperanza loca al juvenil ardor
597 740 1376 796 y su misericordia cayó sobre mi vida
597 787 1525 840 cual lluvia veraniega sobre un jardin en lor,
635 859 1582 909 Era digna la amada de ese don de mi llanto?
588 901 1474 957 Vertió su boca púdica el musical encanto
594 949 1415 1002 de una definitiva palabra de pasar.....
635 1014 1698 1073 Como esas aguas mansas que corren en la umbría
588 1062 1456 1115 de los bosques la vena de mi lloro corría
594 1113 1436 1163 bajo la indiferencia del esplendor lunar
1271 1179 1737 1232 José de J. Núñez y Domínguez.
1382 1247 1618 1303 Mexicano.
755 2967 1633 3029 Paisaje de Haina. Santo Domingo, R. D.
