2479 3508
185 62 373 121 Página
1910 53 2188 106 Fémina
749 169 829 222 .
841 196 1570 261 TRISTEZAS
208 408 1164 470 Estoy hojeando las páginas de un her¬
158 462 1170 524 moso libro, de pronto mis labios lanzan una
155 522 1164 575 estrepitosa carcajada y otra, y otra mas,
158 573 803 631 después........ un lágrima.
211 617 1173 682 Es que la historia que leo es el trasunto
161 671 1173 736 fiel de mi existencia: dudas y temores, re¬
158 737 725 796 gocijos y llantos.....
208 779 1176 840 Las sensaciones del amor no son otra co¬
164 835 1182 888 sa que una triste quimera de lo ideal, para
164 895 567 951 apego de la vida.
214 940 1179 999 Cadencias dulcísimas del alma, ensue¬
164 993 1182 1052 ños eternos de la mente, placeres infinitos
161 1047 1179 1106 del corazón la pureza es lo real. Tras los
170 1101 1176 1160 lampos crepusculares de la dicha viene la
161 1152 1182 1214 amargura con su cortejo fúnebre. Cuan¬
946 1202 1173 1261 y una lá¬
164 1214 907 1264 tas veces llorando se ríe.
173 1259 1179 1318 grima de placer es una eternidad de sufri¬
173 1319 346 1372 miento!
226 1364 1185 1420 Cuantas veces esas ingratas reflexiones
173 1417 1185 1479 que punzan el alma, forman altares de em¬
173 1471 1182 1533 belesos en la mente...... y tras de espe¬
173 1525 1191 1584 ranzas lisonjeras, convierten la existencia
173 1585 594 1638 en hondo abismo.
229 1626 1191 1688 Oh, es que la verdad es inexorable. Las
173 1683 1182 1745 fantasías no pueden turbar las realidades
173 1737 1191 1796 del espíritu. Las auras de la desventura
176 1794 1191 1856 que son las que vienen á veces á consolar
179 1844 1191 1903 el corazón, despiertan en la mente ideales
173 1910 519 1963 de esperanzas.
1259 402 2149 455 La dicha y la desgracia viven juntas.
1265 456 2227 512 En las canas del anciano, en las sonrisas
1215 504 2221 566 tiernas de la infancia, en las olas que le¬
1221 561 2221 620 vanta el rubor, en el rostro de la inocen¬
1221 611 2224 670 cia, en el cáliz de los placeres, doquiera
1212 665 1964 721 estampa sus besos la amargura.
1268 719 2227 778 La dicha, el dolor y el desengaño, he¬
1218 776 2224 831 aquí los eslabones que forman la cadena
1218 835 1471 885 de la vida.
1277 871 2233 936 La duda que se opone al desenvolvimien¬
1218 934 2230 990 to de las más tiernas inspiraciones mata
1224 982 2227 1043 toda felicidad en el corazón. El dolor seca
1224 1041 2233 1097 la savia que forma el encanto de las almas,
1234 1089 2233 1150 y el desengaño que consume las pasiones
1224 1140 2230 1202 arrobadoras y rompe el botón de cuyo seno
1233 1193 2227 1258 brota el inagotable néctar de amores eter¬
1230 1256 1803 1312 nos. ¡Oh, santa ilusión!
1277 1304 2236 1363 Apenas he terminado de leer la última
1236 1358 2236 1423 página de este libro y he visto toda mi vida
1230 1405 2230 1467 refejada en ellas. Parece talmente que¬
1230 1459 2242 1521 el autor la ha vivido y se ha compenetrado
1504 1510 2242 1575 Nosotras adoramos los libros
1233 1528 1456 1578 de ella.
1241 1570 2233 1632 porque ellos son nuestros buenos amigos,
1238 1614 2245 1682 confidentes y consejeros. A veces en nues¬
1236 1668 2248 1733 tra calle de amargura hemos encontrado
1244 1725 2242 1790 lenitivo á nuestras penas en un buen libro.
1289 1782 2242 1844 ¡Oh, sublime poder del libro...... Ben¬
1230 1844 1609 1894 dito seas......
1662 1886 2203 1942 María Luisa Angelis de Canino.
379 2286 1107 2342 Solución á la Charada No. I.
1501 2271 1895 2321 Charada No. 2.
865 2421 1158 2471 A Magnolia.
447 2552 904 2605 Creo que tiene Fe¬
447 2606 1021 2662 el minero cuando mina
450 2659 994 2724 y mira isabes por qué?
450 2719 1071 2781 por encontrar á Fe mina.
1349 2373 1976 2423 Prima dos por la grandeza
1355 2427 1919 2477 según el buen entender,
1355 2474 1907 2530 y tercera es un hebreo,
1346 2534 1916 2587 dulce nombre de mu er.
1358 2585 1868 2641 La todo por el veriel,
1355 2636 1880 2691 ostentando su belleza.
1364 2686 1976 2748 Y ahora lector, según veo:
1355 2743 1895 2805 es verso, flor o mujer
1047 2847 1164 2900 Luz.
1880 2830 2101 2883 Magnolia.
