2479 3508
191 101 456 154 Fémina
2039 86 2218 139 Pgina 8
513 1256 1065 1312 Asoma el alba a lo lejos
453 1322 1003 1381 y mírase en los espejos
453 1382 1018 1435 del cielo azul y del mar.
513 1447 1128 1500 Emerie el sol, Mil reflejos
459 1507 937 1563 irisan ambos espejos
456 1573 964 1626 en un silencio de paz.
504 1683 1012 1736 La nave alijera vuela,
406 1746 988 1808 dejando eñmera estela
459 1806 1009 1859 en mar y cielo á la par.
513 1871 1110 1921 Ni un solo esquife de vela
468 1934 1074 1987 las ondas hiende; ni vuela
465 1997 988 2050 el blanco cisne ideal....
516 2098 1041 2154 Ninguna ráfaga asorda
462 2164 1173 2220 el puro ambiente. En la borda
468 2229 1131 2282 un hombre mira.... y no más!
516 2289 1194 2348 Pensar no quiere en la horda
462 2355 1021 2411 que ajenos lares aborda
468 2421 1155 2485 como el pirata en el mar....
1292 1250 1833 1303 Con oro, púrpura y lila
1230 1316 1701 1366 el sol su túnica hila;
1233 1376 1865 1432 se envuelve en ella y se va.
1289 1441 1827 1494 La costa gris se perfila;
1244 1507 1788 1557 y el faro, con su pupila.
1236 1567 1719 1620 intermitente y fugaz.
1292 1668 1952 1724 En noche obscura es el guía
1233 1740 1848 1796 y marca el rumbo á la ría,
1236 1800 1788 1853 o al antepuerto del mar.
1289 1862 1949 1915 Despierta el alba. Es de día,
1236 1928 1812 1987 y el barco surie en la ría.
1289 1988 1931 2041 El hombre mira.... y no más!
1289 2092 1842 2148 En sendas astas iguales
1241 2158 1877 2217 cual dos heraldos marciales
1241 2226 1895 2279 que unió en mal hora el azar.
1247 2289 1907 2339 las dos banderas, no iguales,
1241 2352 1827 2405 anuncian los funerales....
1295 2412 1851 2468 Quisqueva goza de paz!
1355 2513 1952 2566 Federico Henrique, y Carvajal.
994 2528 1227 2581 EN EL MAR.
