2479 3508
217 86 414 145 Página 2
1946 86 2206 136 Fémina
979 310 1459 375 En la ita.
295 1952 1256 2008 Cual es la K más alta? La kbeza. Y la
241 2003 1259 2068 más usada? La kmisa. Y la más fea?
238 2053 1256 2118 La kna. Y la más baja? La knalla. Y
238 2110 1256 2172 la más santa? La kridad. Y la más agra¬
241 2158 1259 2226 dable? La kriñosa. Y la más amarga?
238 2215 1259 2279 La klabaza. Ya más dulce? La kña Y
241 2268 1256 2330 la más ardiente? La klentura. Y la más
241 2322 1256 2387 cómoda? La kleza. Y la más mullida?
244 2376 1253 2438 La kma. Y la más habitada? ksa. Y la¬
244 2427 1262 2488 más señalada? La ktegoría. Y la más
241 2480 1250 2542 culta? La ktedra. Y la más céntrica?
238 2534 1256 2599 La kpital. Y la más horrible, La kala¬
241 2582 1259 2653 midad. Y la más fastidiosa? La ktaplas¬
241 2641 1265 2700 ma. Y la más desagradable? La knina.
244 2692 1262 2757 Y la más desdichada? La kzuela. Y la
247 2749 1265 2811 más insoportable? La knícula. Y la más
238 2797 1256 2865 infame? La klumnia. Y la más larga?
247 2850 1256 2918 La kbuya. Y la más insegura? La kra¬
250 2913 1209 2969 bella. Y la más expuesta? La krabana.
1433 1979 2033 2032 En el nombre que te entrego
1439 2035 1982 2088 Ocho letras has de hallar;
1447 2092 1976 2148 Que combinándolas bien,
1439 2152 1961 2202 Un naipe de ellas saldrá.
1439 2212 2086 2262 Lo que espera amante ausente,
1439 2268 2006 2321 Lo que el artista ama más,
1439 2325 1931 2375 Lo que tiene todo libro.
1439 2385 1931 2435 Lo que sirve al gavilán,
1442 2438 2033 2491 Lo que produce un incendio,
1442 2501 2012 2554 Lo que en cada pueblo hay,
1439 2555 1907 2608 El lugar donde recibo,
1442 2612 1961 2665 Lo que forma al paño dá
1451 2667 1940 2721 y otras cosas que sería
1442 2728 1889 2781 Prolijo hacer relatar;
1439 2785 2030 2835 Nombre es el de un político
1447 2844 1937 2897 De una fama universal,
758 432 1492 488 Enfermo de tristeza, me he sentido
755 480 1439 530 a la vera de un árbol del camino
761 525 1525 578 cumpliendo la sentencia del Destino
764 570 1519 625 bajo un dulce crepúsculo encantado.
761 665 1421 718 Sobre el verde follaje, fatigado.
761 707 1498 763 contemplando un arrovo cristalino
764 755 1394 805 disipa mi tristeza el mar filino
761 799 1492 855 encanto de tu amor idealizado.
767 892 1459 951 Ni un ravito de sol en el sendero,
758 940 1462 993 estoy enfermo de dolor, y quiero
764 985 1394 1035 bajo un atardecer amarillento
823 1083 1400 1135 rijir la mirada hacia el vacío
767 1128 1367 1181 donde trémula gota de rocio
767 1173 1570 1229 me acompañe a llorar mi sufrimiento.
1038 1274 1636 1324 MARIO CAMINERO SANCHEZ.
794 1367 1433 1423 De Motivos Románticos.
549 1719 955 1769 Kakaismo.
1570 1722 1976 1778 Logogrifo.
