2479 3508
197 119 468 175 Fémina
2018 89 2251 145 Página 10
447 349 2077 411 de a lo
211 698 1197 763 Engalana nuestra portada de la presente edi¬
176 743 1206 811 ción la vera efigie de la bella y dulce María Pe¬
170 790 1203 852 demonte, flor que perfuma los vergeles macori¬
173 838 1194 891 sanos, celebradísima reina de las festas Inver
173 892 579 948 nales del año 1918.
176 964 498 1020 Gobierno Provisional.
220 1029 1215 1085 Celebramos el atinado nombramiento recaido
188 2086 361 2142 dadano.
194 2164 319 2214 Gracias.
208 2229 1233 2282 Las damos muy sinceramente á la empresa
194 2271 1236 2330 Zendejas, por haber reproducido en su ilustrado
191 2319 1224 2375 folletito, propagador del Especifico Tendejas
191 2358 1227 2417 al pie de una mágen de Ntra. Sra de Altagra¬
191 2409 1236 2465 cia, el medallón propiedad literaria de nuestra
194 2453 1224 2512 ilustrada Redactora, Consuelo Motalvo de Frias
200 2498 1227 2557 Magnolia, publicado en nuestra tercera edi¬
200 2552 310 2608 ción.
191 2621 513 2677 Aristocráticas bodas.
244 2686 1236 2745 El sábado 7 de los corrientes celebraron sus
197 2734 1233 2793 bodas en esta ciudad los distinguidos jóvenes de
197 2779 1230 2838 nuestra lite social, la espiritual y simpática se¬
206 2827 1230 2886 morita Belica Calzado con el correcto y rico ha¬
208 2874 847 2927 endado señor Juan Santoni.
241 2922 1041 2975 Felicidades mil para su nuevo hogar.
203 2994 486 3050 Diario de Macoris.
247 3056 1238 3121 Bajo la competente dirección de los señores
203 3104 1238 3166 Horacio A Febles y Enrique Cambier, verá des¬
208 3149 1241 3211 de mañana la luz pública en esta ciudad, un nue¬
1110 501 1340 557 A
176 638 414 694 Sobre Portada.
179 1074 1206 1133 en el señor Juan Bta Vicini Burgos para el de¬
173 1119 1206 1181 sempeño de la Presidencia Provisional de la Re¬
182 1173 355 1232 pública.
220 1208 1212 1267 Conocidas las especiales dotes administrati¬
179 1250 1206 1312 vas que posee tan distinguido ciudadano, espe¬
182 1298 1230 1354 ramos que su labor sea fecunda y encaminada al
182 1355 543 1408 bien de la patria.
220 1388 1218 1452 Aprovechamos la oportunidad para presentar¬
179 1435 1209 1497 de nuestros parabienes por el acierto que ha te¬
185 1480 1221 1539 mido al formar su gabinete, eligiendo para este
182 1531 1032 1590 in, ciudadanos de reconocida probidad.
191 1608 379 1661 Cumpleaños.
226 1668 1227 1730 El día 2 de Octubre cumplió seis años de su
191 1719 1218 1775 preciosa existencia el simpático niñito Dimitas.
182 1764 1227 1823 hijo amantísimo de los Frias Montalvo, quien
188 1806 1227 1870 por una rara coingidencia resultó ser hermano
191 1853 1218 1915 gemelo del Haraldo Dominicano, vocero pa¬
188 1901 1221 1957 triótico que vió la luz pública el mismo día de su¬
191 1943 1227 2002 nacimiento, bajo la dirección del señor Dimas
191 2000 319 2050 Frias.
238 2032 1215 2094 Larga y provechosa vida para el pequeño ciu¬
1256 611 2307 673 vo vocero, publicación imparcial defensor de los
1262 659 2152 721 intereses generales de la región del Este.
1307 704 2289 763 Venga cuanto antes el nuevo colega, a laborar
1268 755 2030 811 por el bien de la tercera República.
1262 841 1450 897 Condolencia.
1298 904 2301 966 La presentamos muy sincera á la señora doña
1262 946 2304 1011 Celina L. de Gonzalez, por la sentida muerte de
1262 990 2301 1055 su apreciable y distinguida tia Madame Celina¬
1265 1038 2295 1100 Regel Gilson, recientemente acaecida en Bru¬
1268 1098 1397 1151 kelas.
1259 1179 1597 1229 Sencible fallecimiento.
1310 1238 2307 1300 Repentinamente ha dejado de existir en la ciu¬
1265 1280 2298 1348 dad Capital el distinguido caballero Don Jorge¬
1268 1331 2307 1390 Cuesta, propietario de la gran fabrica de calzado
1298 1388 1630 1441 La Castellana.
1310 1420 2310 1479 Gracias á su vida laboriosa, el señor Cuesta
1265 1465 2304 1527 habia creado una fortuna respetable, que bonda¬
1259 1507 2301 1572 dosamente sabia compartir con muchas perso¬
1268 1567 1630 1623 mas necesitadas.
1319 1608 2307 1664 Que Dios haya premiado su noble corazón,
1268 1650 2251 1712 mientras reciban sus deudos nuestro pésame.
1265 1734 1594 1784 Soluciones recibidas.
1310 1794 2310 1856 A nuestra mesa de redacción han llegado las
1274 1841 2310 1903 soluciones a la charada No. 1 que publicaramos
1271 1892 1883 1945 en nuestro número anterior,
1316 1931 2307 1993 Concurrieron al Certamen las señoritas Alba,
1274 1979 2313 2035 domiciliada en San José No. 1: Candida Richiez,
1274 2020 2313 2082 Atenas Richiez y Enriqueta M. de Cruzado, de
1277 2071 1961 2127 San Cristóbal, Maestra Normal.
1313 2116 2316 2172 Efectuado el sorteo resultó agraciada Cándida
1271 2170 1456 2220 Richiez.
1271 2235 1659 2288 La Mujer Puertoplatense.
1319 2283 2316 2345 Según leemos en Hombre Libre de Santia¬
1274 2331 2307 2396 go la mujer puertoplateña, poniéndose a la altu¬
1280 2373 2313 2438 ra de su deber, ofrece su cooperación para tra¬
1280 2424 2319 2482 bajar en pro de la prolongación de carretera
1271 2468 2218 2527 Duarte hasta la ciudad de Isabel de Corres.
1322 2507 2313 2572 Bien por su empeño en el progreso de la ciu¬
1271 2570 1689 2620 dad Septentrional.
1277 2641 1516 2691 Nuevos canges.
1319 2689 2313 2748 Ademas de los citados hemos recibido última¬
1472 2734 2316 2786 Iombre Libre de Santiago, el Sema¬
1280 2737 1424 2793 mente
1535 2779 2313 2831 El Combate de la Capital y el Na¬
1283 2779 1424 2838 A
1289 2833 1650 2883 cional de Moca.
1277 2898 1904 2954 Despedida de la Compañia Adams Nieva.
1325 2952 2325 3005 Para el Cibao se ausentó la aplaudida compa¬
1280 2997 2319 3056 fia con que encabezamos estas lineas, dejando¬
1286 3045 2325 3103 nos muy bien impresionados de su temporada.
1334 3095 2319 3154 Augurámosle muchos triunfos en su labor ar¬
1286 3155 1444 3205 tistica.
