2479 3508
232 59 480 109 FEMINA
731 340 1955 414 na
528 358 813 419 HOS
758 513 1704 569 importador Almacenista.
695 734 1806 793 Ventas al por mayor y al detalle.
432 850 1116 903 Calle 27 de Febrero No. .
1361 847 2045 903 San Pedro de Macorís, R. D.
698 1059 1779 1121 GOMAS FISA ROTA.
585 1128 1868 1181 La Reina de las Gomas para "Ford
438 1226 1991 1282 Neumaticos y Camaras sa
695 1316 1812 1372 Constante existencia de útiles para autos.
564 1373 1928 1426 Agente General para el Sur y Este de la República:
895 1474 1570 1530 J. T. DINA Y Co.
1415 1561 2155 1614 PARQUE INDEPENDENCIA.
325 1614 1636 1673 Sucursal en San Pedro de Macorís: Independencia 69.
379 1823 2074 1888 Gran Establecimiento de Fantasla.
507 1970 1961 2029 Elegantes Sombreros de Ultima Moda.
907 2086 1606 2139 EN SEDERIAS, LA MAR!
540 2218 1952 2274 Visitad á Doña América de Faxas y quedareis satisfechos.
426 2325 791 2378 Duarte No. 27
1615 2331 2048 2381 S. P. de Macorís.
582 2561 1827 2617 ESPECTICO ZENDLAS
388 2725 2104 2781 La única medicina de reconocido buen éxito contra
844 2856 1624 2915 todas las enfermedades
982 2979 1465 3053 de la sangre.
