2479 3508
1528 38 2286 100 Archive General de la Nacién
1710 119 2077 169 L
803 205 916 261 E
838 271 1576 345 ENINA
1827 310 1922 366 2
1677 349 2051 405 E
2104 349 2179 399 E
501 411 1901 470 REVISTA DE LITERATURA, CIENCIAS Y ARTES
794 453 1627 506 CONSAGRADAALA MUJER.
850 540 1561 596 DIRECTORA ADMINISTRADORA:
740 587 1686 649 PETRONILA ANGELICA GOMEZ
1038 647 1400 697 Maestra Normal.
1047 755 1385 808 REDACTORES:
746 820 1686 873 MARIA L. ANGELIS DE CANINO.
1077 862 2113 918 CONSUELO MONTALVO DE FRIAS.
310 880 1024 930 PETRONILA A. GOMEZ,
2077 958 2203 1011 o. T
770 967 1659 1026 San Pedro de Macorío, Noviembre 15, de 1922
223 982 414 1037 Año
606 1155 1842 1214 Eledio Ambiente social.
409 1352 1188 1417 KISTE entre la masa de los pue¬
426 1408 1197 1464 blos una especie de norma para
438 1456 1200 1527 poner en planta, todas las activi¬
217 1462 294 1524 E
429 1510 1203 1578 dades sociales y á la cual debe¬
292 1560 391 1617 A
423 1567 1206 1626 mos adaptarnos para poner en
211 1597 400 1658 N
438 1620 1059 1673 práctica nuestras acciones.
247 1674 1203 1736 Esta norma que no es otra cosa que el
191 1725 1194 1790 medio ambiente social, el vulgo, tomando
191 1776 1197 1844 epitomadamente la frase, ha dado en deno¬
194 1829 1200 1894 minarla medio socialo simplemente medio
191 1877 1194 1948 que para mayor claridad de nuestros aser¬
200 1943 1203 2005 tos interpretaremos el epítome por la pala¬
203 2003 570 2053 bra costumbre.
259 2044 1203 2106 Y no es que la tal línea de conducta ha¬
203 2098 1209 2163 ya de sentar sus precedentes en todas las
197 2149 1197 2211 actividades sociales: sino que, sea cual fue¬
200 2206 1209 2268 re la indole de los pueblos, para cada una
200 2259 1209 2318 actividad social, ella va señalando con su
200 2310 1203 2369 indice un MODUS OPERANDI, y al igual
200 2367 1206 2426 de la gran ley que rige el movimiento de
197 2418 1200 2480 los astros en el espacio, se va haciendo cada
206 2480 656 2530 vez mas invariable.
259 2519 1206 2584 Y á pesar de la tan pregonada civiliza¬
200 2573 1212 2635 ción, de tal modo y tan grande es la in¬
200 2624 1212 2691 fluencia que ejerce la costumbre en la in¬
206 2683 1212 2748 dole de los pueblos, que estos creen ya un
203 2734 1209 2790 error desviar la senda que les marca el
206 2797 618 2853 indice del hábito.
259 2842 1218 2900 Sucede á veces, que la norma que dicho
203 2892 1224 2957 medio establece resulta ser tan eficaz para
203 2946 1206 3011 la consecución del proposito deseado y pa¬
214 2997 1215 3062 ra la cuestión puesta en práctica, que el
211 3048 1224 3115 laborador al fin de la jornada se sonríe sa¬
208 3104 1224 3172 tisfecho y bendice mil veces haber puesto
1233 1325 2245 1390 su habilidad en adoptar como guía el me¬
1241 1388 2179 1444 dio aquel al que cree debido su triunfo.
1298 1444 2248 1509 Otras veces ocurre lo contrario; el labo¬
1250 1501 2239 1563 rador no cosecha un triunfo al final de su¬
1250 1555 2248 1617 empresa y entonces maldice el medio en
1247 1611 2248 1667 que actúa, atribuvéndole la causa de su
1244 1671 1442 1721 fracaso.
1298 1728 2254 1793 Cómo desplegar pues, nuestras energías
1244 1779 2245 1841 cuando nos sintamos activos para realizar
1253 1835 2251 1891 un proposito y darle forma viva á un ideal?
1304 1895 2242 1963 En qué forma dirigir la visual que vis¬
1247 1949 2254 2014 Inmbre el triunfo, prescindiendo de la exi¬
1253 2006 2248 2062 gencia aquella de tener que adaptarse al
1256 2065 1424 2121 medio
1310 2122 2254 2187 Necesario es pues y tiempo es ya de que
1253 2173 2245 2238 nos armemos de dos elementos primordiales.
1253 2226 2245 2294 que denominaremos profilaxis social, y cu¬
1253 2283 2254 2345 ración social, como condiciones esenciales
1262 2331 2257 2405 para evitar y curar esas enfermedades so¬
1253 2388 2254 2444 ciales que con el pretexto de costumbres
1253 2438 2263 2506 nos alejan de la civilización y armándose
1259 2495 2260 2557 las mas de las veces del egoismo, aniquilan
1259 2546 2251 2611 la capacidad de que dispone un elemento
1259 2597 2251 2665 social que concluve por ahogar sus huma¬
1262 2653 2254 2718 nos sentimientos condenándose á sí mismo.
1259 2704 2263 2772 declarándose impotente para una empresa
1265 2764 1907 2820 a la cual estaba destinado.
1319 2818 2257 2886 Nos atrevemos á encargarnos de propo¬
1259 2877 2260 2942 ner á la mujer reglas para la práctica de
1265 2925 2251 2993 esos dos modos de adaptación, corroboran¬
1262 2982 2260 3044 do con la gran máxima del Conde de Segur:
1262 3033 2257 3100 Los hombres hacen las leves; las mujeres
1256 3095 1800 3151 hacen las costumbres.
