2479 3508
206 175 483 228 Femina
641 319 1830 369 HISTORIA DEL ARTE
877 390 1570 446 EL ARTE MEDIOEVAL.
232 761 1218 814 Mientras la lejana civilización china retarda la
179 802 1209 855 hora de su muerte volviendose hacia su propio
182 850 1212 903 pasado, mientras la India esparca, para curar su¬
179 898 1209 948 lebre, una religión por toda el Asia, la sombra¬
182 940 1212 993 oscurece poco a poco las comarcas donde se ha
185 982 1209 1035 desvanecido la brillante y viril juventud del mu¬
179 1029 1209 1079 do occidental. Los flujos y reflujos, desde el
185 1068 1203 1121 comenzo de la historia, balancean el ocano de
188 1119 1200 1169 los pueblos desde las mesetas del Irán a las tie¬
188 1161 1194 1214 pas rescas y saludables que miran al Atlánti¬
182 1208 1209 1258 co. Invasiones silenciosas han acumulado en
194 1250 1206 1306 las planicies del norte de la Europa las reservas
188 1295 1209 1348 de los hombres que renovaron la inocencia de los
188 1340 1200 1393 pueblos meridionales cuando un contacto dema¬
188 1388 1212 1438 siado enervante con el Asia debilitó su fé en su¬
185 1432 600 1491 propia inteligencia.
235 1474 1209 1527 Se ha visto a los Fenicios llevar a la Grecia y a
185 1513 1200 1572 la Italia, con la ciencia y el ideal de la Caldea y
188 1561 1203 1617 del Fgipto, el eco ind, de los arrebatos místi¬
188 1605 1206 1661 cos por quien el santo calofrio de la vida univer¬
185 1653 1203 1706 sal ha entrado en el orden occidental. Se ha
191 1698 1206 1751 visto a la Grecia, encadenada por Alejandro, de¬
194 1743 1200 1799 positar en el alma inquieta y cansada de la In¬
185 1788 1206 1841 dia, la chispa inspiradora. Roma debe sufrir á
188 1832 1209 1885 su vez el sensualismo del Asia cuando le lleve la¬
185 1880 376 1933 la paz.
232 1925 1203 1975 El movimiento agotaba poco á poco su ritmo.
194 1970 1218 2020 Era necesario que un gran reposo sucediera al
194 2009 1203 2065 desgaste de energía de donde salió el porveni¬
191 2056 1215 2106 del mundo, y que la naturaleza del hombre se
194 2101 1194 2154 replegara sobre si misma para imponer á su S
194 2149 1200 2205 píritu demasiado tendido, á sus sentidos perver¬
194 2194 1215 2244 tidos, el olvido de sus conquistas y el deseo de
188 2235 904 2291 ascender á sus funtes naturales.
241 2283 1215 2333 Desde el día en que la unidad del alma griega
191 2325 1209 2375 comienza a disociarse, donde dos corrientes se
194 2367 1206 2423 dibulan en el pensamiento del lósolo y la sen¬
200 2412 1200 2468 sibilidad de los artistas, donde Platón y Praki¬
197 2456 1197 2512 teles ponen el espíritu de la vida al materialis
191 2504 1218 2560 mo de Lisipo y de Aristóteles, desde este día la
194 2558 1212 2608 juventud de los hombres ha cesado de encantar
191 2591 1206 2647 al mundo. Sus tendencias antagonistas, el ra¬
200 2636 1209 2691 cionalismo qus rasga el arranque del instinto, el
191 2680 1215 2736 sensualismo que trastorna la voluntad, conducen
197 2725 1212 2781 lo y el otro á la negación del esfuerzo. El
194 2767 1215 2829 exceptico y el mistico abren el camino a los apos¬
191 2815 1203 2874 toles que vienen á sembrar en el corazón inquie¬
191 2859 1215 2915 to de las multitudes, con el remordimiento de
200 2907 1215 2960 haber vivido demasiado plenamente, la sed de
197 2949 1206 3008 redimir la impureza del cuerpo por una exalta¬
200 2997 1206 3050 ción tal del alma, que miles de años serán nece¬
197 3042 1206 3098 sarios a los pueblos occidentales para que vuel
197 3083 1215 3142 yan a encontrar en un nuevo equilibrio con letu¬
200 3131 1092 3187 rado la dignidad de la naturaleza humana.
241 3179 1218 3232 Es por la fusión en la corriente espiritualista
2012 3018 2292 3074 Continuará
1934 3101 2251 3154 ELIE FAURE.
1027 662 1444 712 INTRODUCCION.
1253 752 2271 808 de la metafísica y de la moral, por la provección
1247 802 2277 852 fuera de nosotros mismos, por el absolutismo,
1256 844 2274 897 que el monotismo formuló por primera vez con¬
1253 886 2269 942 intransigencia en la doctrina de los profetas he¬
1253 931 2269 987 breos, frente al cual tenemos el deber de arre¬
1253 979 2269 1037 pentirnos de haber nacido, que somos malos y
1256 1017 2271 1079 corrompidos. Dios en lo delante, habla salido
1250 1068 2271 1118 del mundo, el hombre no podía esperarle mas.
1259 1107 2271 1166 sino mas allá de su propia vida. Esta pretendi¬
1253 1158 2277 1208 da unidad divina de los teblogos instalaba en
1259 1199 2271 1255 nuestra naturaleza este terrible dualismo, pru¬
1253 1244 2274 1300 ba indispensable sin duda; pero que nos ha ofus¬
1253 1289 2269 1342 ado largos siglos en la busca de nosotros mis¬
1256 1337 2271 1387 mos, nos debatimos dolorosamente en el vacio y
1256 1379 2274 1435 en la noche, entre las solicitaciones de nuestros
1256 1423 2271 1479 sentidos y el deseo de asegurar la salud de nues¬
1253 1468 2280 1521 tra alma, y aún todavía no nos ha permitido com¬
1256 1513 2277 1572 prender sino nuestra fuerza, ese es el acuerdo
1253 1558 2277 1614 de nuestra animalidad santa y de nuestra santa¬
1253 1605 2280 1658 razón, perseguido en el sufrimiento y realizado
1253 1653 1531 1706 en la alegría.
1295 1695 2277 1748 El arte, que es precisamente la manifestación
1256 1740 2280 1793 mas expresiva y mas alta de este acuerdo y la
1259 1782 2271 1835 forma viviente que surgió de los amores profun¬
1256 1826 2274 1879 dos de la materia y de la inteligencia para afi¬
1262 1871 2277 1927 mar su unidad, alte debía morir al mismo tiem¬
1259 1919 2280 1975 po que las creencias naturalistas cuando las
1259 1964 2277 2017 religiones éticas aparecieron para negar la utili¬
1259 2006 2277 2062 dad de su acción y precipitar la hnmanidad por¬
1268 2056 2280 2106 vías opuestas a las que seguían hasta entonces.
1253 2098 2280 2151 Los Judios, una vez que hicieron entrar en el
1265 2140 2274 2199 pensamiento occidental el espíritu impuesto y
1265 2188 2286 2241 estril de las soledades, aborrecían la forma.
1259 2235 2283 2285 Los Arabes, nacidos del mismo ramo, iban á
1259 2277 2283 2330 manifestar su desdén por ella, Fue necesario
1256 2322 2280 2375 el contacto del suelo europeo, de sus gollos, de
1253 2370 2280 2420 sus montanas de sus fértiles planicies, de su¬
1259 2415 2280 2471 aire vivificante, de su variedad de apariencias y
1262 2456 2283 2512 de problemas con que propone al espíritu la So¬
1262 2504 2280 2557 lución, para arrancar de los pueblos que la ha¬
1268 2543 2283 2602 bitan, aniquilados y perseguidos, la entraña po¬
1262 2594 2292 2647 tente de la idea semitica, después de diez Siglos
1259 2638 2289 2691 de luchas dolorosas, de esfuerzos sin tregua.
1262 2683 2286 2736 Fue necesario que la India sintiera en la subs¬
1265 2731 2289 2781 tancia misma de la idea budica, allí estremecida,
1265 2773 2289 2829 desarrollando su fuerza y su encadenada belleza,
1265 2818 2292 2871 el incesante movimiento de fecundidad y de
1268 2865 2292 2918 muerte que hace agitar sus florestas y sus ríos
1265 2907 2289 2963 para que repoblase los templos de sus cien mi¬
1265 2952 1618 3008 dioses vivientes.
1259 3179 1907 3232 (Traducción de Delia M. Weber
1334 462 2230 524 ... les voir semblaint former tontes le méme
1316 516 2006 566 chanta si parfait tait leur acord.
