<?xml version="1.0" encoding="UTF-8" standalone="yes"?>
<PcGts xmlns="http://schema.primaresearch.org/PAGE/gts/pagecontent/2013-07-15" xmlns:xsi="http://www.w3.org/2001/XMLSchema-instance" xsi:schemaLocation="http://schema.primaresearch.org/PAGE/gts/pagecontent/2013-07-15 http://schema.primaresearch.org/PAGE/gts/pagecontent/2013-07-15/pagecontent.xsd">
    <Metadata>
        <Creator>prov=READ-COOP:name=PyLaia@TranskribusPlatform:version=2.33.0:model_id=419461:lm=provided:date=28_10_2025_15:50</Creator>
        <Created>2025-10-28T13:38:48.712235</Created>
        <LastChange>2025-10-28T15:50:04.172+01:00</LastChange>
        <TranskribusMetadata docId="11369021" pageId="104387200" pageNr="3" tsid="259141957" status="IN_PROGRESS" userId="30120" imgUrl="https://files.transkribus.eu/Get?fileType=view&amp;id=FMMRHCCKFABJQPQWLDOZNKVF" xmlUrl="https://files.transkribus.eu/Get?id=URMUHVQNQNHIEPQEPWIRLGQT" imageId="87596940">
            <PageLabel labelId="111" color="#00FA9A">Text Done</PageLabel>
        </TranskribusMetadata>
    </Metadata>
    <Page imageFilename="0003_p003.jpg" imageWidth="2479" imageHeight="3508">
        <ReadingOrder>
            <OrderedGroup id="ro_1781166525153" caption="Regions reading order">
                <RegionRefIndexed index="0" regionRef="tr_1761655152"/>
                <RegionRefIndexed index="1" regionRef="tr_1761655150"/>
                <RegionRefIndexed index="2" regionRef="tr_1761655149"/>
                <RegionRefIndexed index="3" regionRef="tr_1761655151"/>
            </OrderedGroup>
        </ReadingOrder>
        <TextRegion id="tr_1761655152" custom="readingOrder {index:0;}">
            <Coords points="456,1482 1953,1482 1953,1558 456,1558"/>
            <TextLine id="tr_1761655152_tl_1" custom="readingOrder {index:0;}">
                <Coords points="615,1495 1898,1495 1898,1545 615,1545"/>
                <Baseline points="615,1540 659,1546 704,1549 749,1549 794,1549 838,1546 883,1546 928,1546 973,1546 1018,1546 1062,1546 1107,1546 1152,1543 1197,1543 1241,1540 1286,1540 1331,1540 1376,1540 1421,1540 1465,1540 1510,1540 1555,1540 1600,1534 1645,1537 1689,1537 1734,1537 1779,1537 1824,1537 1868,1537 1898,1540"/>
                <TextEquiv>
                    <Unicode>Vista parcial de la Ciudad de Santo Domingo Parte Este.</Unicode>
                </TextEquiv>
            </TextLine>
            <TextEquiv>
                <Unicode></Unicode>
            </TextEquiv>
        </TextRegion>
        <TextRegion id="tr_1761655150" custom="readingOrder {index:1;}">
            <Coords points="753,1725 1782,1725 1782,1923 753,1923"/>
            <TextLine id="tr_1761655150_tl_1" custom="readingOrder {index:0;}">
                <Coords points="997,1814 1271,1826 1540,1809 1540,1859 1450,1870 997,1864"/>
                <Baseline points="997,1859 1003,1859 1047,1865 1092,1865 1137,1868 1182,1871 1227,1871 1271,1871 1316,1868 1361,1868 1406,1865 1450,1865 1495,1859 1540,1854"/>
                <TextEquiv>
                    <Unicode>— acida —</Unicode>
                </TextEquiv>
            </TextLine>
            <TextEquiv>
                <Unicode></Unicode>
            </TextEquiv>
        </TextRegion>
        <TextRegion id="tr_1761655149" custom="readingOrder {index:2;}">
            <Coords points="610,1925 1953,1925 1953,3019 610,3019"/>
            <TextLine id="tr_1761655149_tl_1" custom="readingOrder {index:0;}">
                <Coords points="770,1976 1698,1967 1698,2017 770,2026"/>
                <Baseline points="770,2021 803,2018 847,2021 892,2018 937,2018 982,2018 1027,2015 1071,2018 1116,2018 1161,2018 1206,2018 1250,2018 1295,2018 1340,2015 1385,2015 1430,2015 1474,2015 1519,2015 1564,2012 1609,2012 1653,2012 1698,2012"/>
                <TextEquiv>
                    <Unicode>Tojedora de ensueños, paciente y primorosa</Unicode>
                </TextEquiv>
            </TextLine>
            <TextLine id="tr_1761655149_tl_2" custom="readingOrder {index:1;}">
                <Coords points="728,2029 1582,2015 1582,2065 1537,2070 728,2079"/>
                <Baseline points="728,2074 731,2074 776,2071 821,2074 865,2074 910,2074 955,2071 1000,2068 1044,2068 1089,2071 1134,2068 1179,2071 1224,2068 1268,2071 1313,2068 1358,2068 1403,2068 1447,2068 1492,2065 1537,2065 1582,2060"/>
                <TextEquiv>
                    <Unicode>tejedora, tu tienes la atracción sujerente</Unicode>
                </TextEquiv>
            </TextLine>
            <TextLine id="tr_1761655149_tl_3" custom="readingOrder {index:2;}">
                <Coords points="731,2083 1600,2077 1600,2127 731,2133"/>
                <Baseline points="731,2128 749,2128 794,2128 838,2128 883,2128 928,2125 973,2125 1018,2125 1062,2125 1107,2125 1152,2125 1197,2125 1241,2125 1286,2122 1331,2122 1376,2122 1421,2119 1465,2122 1510,2122 1555,2119 1600,2122"/>
                <TextEquiv>
                    <Unicode>de la curiosidad y guardas, complaciente,</Unicode>
                </TextEquiv>
            </TextLine>
            <TextLine id="tr_1761655149_tl_4" custom="readingOrder {index:3;}">
                <Coords points="731,2137 1621,2128 1621,2178 731,2187"/>
                <Baseline points="731,2182 770,2182 815,2182 859,2185 904,2182 949,2182 994,2179 1038,2179 1083,2182 1128,2179 1173,2182 1218,2176 1262,2176 1307,2176 1352,2176 1397,2176 1442,2176 1486,2176 1531,2173 1576,2173 1621,2173"/>
                <TextEquiv>
                    <Unicode>una página inédita, ingénua y sentenciosa.</Unicode>
                </TextEquiv>
            </TextLine>
            <TextLine id="tr_1761655149_tl_5" custom="readingOrder {index:4;}">
                <Coords points="776,2259 1561,2253 1561,2303 776,2309"/>
                <Baseline points="776,2304 800,2301 844,2304 889,2307 934,2304 979,2307 1024,2304 1068,2304 1113,2301 1158,2301 1203,2298 1247,2298 1292,2301 1337,2298 1382,2298 1427,2298 1471,2298 1516,2295 1561,2298"/>
                <TextEquiv>
                    <Unicode>Tu eres la novia eterna de la filosofía</Unicode>
                </TextEquiv>
            </TextLine>
            <TextLine id="tr_1761655149_tl_6" custom="readingOrder {index:5;}">
                <Coords points="728,2316 1797,2298 1797,2348 1752,2354 728,2366"/>
                <Baseline points="728,2361 767,2361 812,2358 856,2358 901,2358 946,2358 991,2358 1035,2358 1080,2358 1125,2355 1170,2355 1215,2355 1259,2355 1304,2355 1349,2355 1394,2352 1439,2352 1483,2349 1528,2352 1573,2352 1618,2352 1662,2349 1707,2349 1752,2349 1797,2343"/>
                <TextEquiv>
                    <Unicode>del vivir hace mucho, la oscuridad- tu hermana¬</Unicode>
                </TextEquiv>
            </TextLine>
            <TextLine id="tr_1761655149_tl_7" custom="readingOrder {index:6;}">
                <Coords points="737,2373 1612,2358 1612,2408 737,2423"/>
                <Baseline points="737,2418 761,2415 806,2415 850,2412 895,2409 940,2409 985,2409 1030,2412 1074,2412 1119,2409 1164,2409 1209,2409 1253,2409 1298,2409 1343,2409 1388,2406 1433,2406 1477,2406 1522,2406 1567,2406 1612,2403"/>
                <TextEquiv>
                    <Unicode>ávida de estudiarte se asoma á tu ventana</Unicode>
                </TextEquiv>
            </TextLine>
            <TextLine id="tr_1761655149_tl_8" custom="readingOrder {index:7;}">
                <Coords points="737,2430 1540,2415 1540,2465 737,2480"/>
                <Baseline points="737,2475 779,2469 824,2466 868,2466 913,2466 958,2466 1003,2466 1047,2466 1092,2466 1137,2466 1182,2466 1227,2463 1271,2460 1316,2463 1361,2460 1406,2463 1450,2460 1495,2460 1540,2460"/>
                <TextEquiv>
                    <Unicode>y te ve resignada tejiendo día por día.</Unicode>
                </TextEquiv>
            </TextLine>
            <TextLine id="tr_1761655149_tl_9" custom="readingOrder {index:8;}">
                <Coords points="785,2543 1800,2534 1800,2584 1755,2587 785,2593"/>
                <Baseline points="785,2588 815,2588 859,2591 904,2591 949,2591 994,2591 1038,2591 1083,2591 1128,2591 1173,2588 1218,2588 1262,2588 1307,2585 1352,2585 1397,2585 1442,2585 1486,2585 1531,2582 1576,2582 1621,2579 1665,2582 1710,2579 1755,2582 1800,2579"/>
                <TextEquiv>
                    <Unicode>Tu recuerdas las manos de una mujer bendita,</Unicode>
                </TextEquiv>
            </TextLine>
            <TextLine id="tr_1761655149_tl_10" custom="readingOrder {index:9;}">
                <Coords points="737,2603 1630,2588 1630,2638 737,2653"/>
                <Baseline points="737,2648 779,2645 824,2645 868,2645 913,2645 958,2645 1003,2645 1047,2645 1092,2645 1137,2642 1182,2642 1227,2642 1271,2642 1316,2639 1361,2639 1406,2639 1450,2639 1495,2639 1540,2636 1585,2633 1630,2633"/>
                <TextEquiv>
                    <Unicode>recuerdas cada instante, la pálida abuelita</Unicode>
                </TextEquiv>
            </TextLine>
            <TextLine id="tr_1761655149_tl_11" custom="readingOrder {index:10;}">
                <Coords points="743,2656 1633,2644 1633,2694 743,2706"/>
                <Baseline points="743,2701 782,2701 826,2701 871,2698 916,2698 961,2698 1006,2698 1050,2698 1095,2695 1140,2695 1185,2695 1230,2695 1274,2695 1319,2692 1364,2692 1409,2692 1453,2692 1498,2692 1543,2689 1588,2689 1633,2689"/>
                <TextEquiv>
                    <Unicode>que en épocas lejanas con su dolor, tenía.</Unicode>
                </TextEquiv>
            </TextLine>
            <TextLine id="tr_1761655149_tl_12" custom="readingOrder {index:11;}">
                <Coords points="788,2779 1597,2767 1597,2817 788,2829"/>
                <Baseline points="788,2824 791,2821 835,2821 880,2824 925,2824 970,2821 1015,2824 1059,2821 1104,2821 1149,2821 1194,2821 1238,2821 1283,2818 1328,2818 1373,2818 1418,2818 1462,2818 1507,2815 1552,2815 1597,2812"/>
                <TextEquiv>
                    <Unicode>Y cuando la callada, la torva segadora</Unicode>
                </TextEquiv>
            </TextLine>
            <TextLine id="tr_1761655149_tl_13" custom="readingOrder {index:12;}">
                <Coords points="737,2830 1650,2827 1650,2877 737,2880"/>
                <Baseline points="737,2875 755,2878 800,2878 844,2878 889,2878 934,2878 979,2875 1024,2875 1068,2872 1113,2872 1158,2872 1203,2872 1247,2872 1292,2872 1337,2872 1382,2869 1427,2869 1471,2869 1516,2869 1561,2869 1606,2869 1650,2872"/>
                <TextEquiv>
                    <Unicode>de ternura y de vidas te aprisione traidora,</Unicode>
                </TextEquiv>
            </TextLine>
            <TextLine id="tr_1761655149_tl_14" custom="readingOrder {index:13;}">
                <Coords points="734,2886 1761,2877 1761,2927 734,2936"/>
                <Baseline points="734,2931 776,2931 821,2934 865,2934 910,2931 955,2931 1000,2928 1044,2928 1089,2928 1134,2928 1179,2925 1224,2925 1268,2925 1313,2925 1358,2925 1403,2922 1447,2922 1492,2919 1537,2922 1582,2922 1627,2919 1671,2919 1716,2919 1761,2922"/>
                <TextEquiv>
                    <Unicode>será en tus propias redes... tejidas día por día!</Unicode>
                </TextEquiv>
            </TextLine>
            <TextEquiv>
                <Unicode></Unicode>
            </TextEquiv>
        </TextRegion>
        <TextRegion id="tr_1761655151" custom="readingOrder {index:3;}">
            <Coords points="686,2984 1946,2984 1946,3091 686,3091"/>
            <TextLine id="tr_1761655151_tl_1" custom="readingOrder {index:0;}">
                <Coords points="1361,3003 1776,3000 1776,3050 1361,3053"/>
                <Baseline points="1361,3048 1373,3048 1418,3048 1462,3048 1507,3048 1552,3045 1597,3045 1642,3042 1686,3045 1731,3045 1776,3045"/>
                <TextEquiv>
                    <Unicode>AMANDO OSCAR.</Unicode>
                </TextEquiv>
            </TextLine>
            <TextLine id="tr_1761655151_tl_2" custom="readingOrder {index:1;}">
                <Coords points="731,3018 862,3018 862,3068 731,3068"/>
                <Baseline points="731,3063 776,3063 821,3063 862,3063"/>
                <TextEquiv>
                    <Unicode>1922.</Unicode>
                </TextEquiv>
            </TextLine>
            <TextEquiv>
                <Unicode></Unicode>
            </TextEquiv>
        </TextRegion>
    </Page>
</PcGts>
