2479 3508
859 671 1522 724 Sanate lleva.
758 826 1698 879 Como si dijéramos savianueva, vigor intelec
668 874 1397 930 tual, fuerza del espíritu luchador,
767 925 1704 981 Así se nos presenta el nuevo portavoz cuyo
674 973 1522 1029 simblico nombre encabeza estas líneas.
761 1020 1698 1082 He tenido el placer de saborear algunas de
668 1071 1701 1124 sus bien sentidas páginas y no puedo menos que
671 1110 1698 1172 admirar la elegancia de estilo de sus bien selecu¬
582 1153 1698 1208 cionados antores. Indudablemente es una espe¬
671 1199 1695 1255 ang᷉a para las letras patrias, porque nos mues¬
671 1244 1704 1306 tra desde su artistiro formato la bien desarro¬
674 1298 1695 1354 lada estática que porta su cuerpo de redacción.
764 1349 1698 1408 Sangre Nueva es una promesa para la refor¬
680 1394 1704 1449 ma sociolica, porque al desviarse de la rutina¬
671 1441 1707 1494 aracteristica de nuestra prensa ilustrada, busca
668 1486 1707 1539 en los esarpados derroteros aurifera sustancia.
677 1525 1710 1590 para incrustar los brillantes que orlarán su regio
674 1579 922 1632 estandarte.
758 1626 1704 1688 En su primera página, como galante defe¬
674 1674 1713 1730 rencia, hace una hermosa defensa á los ideales
674 1722 1713 1778 femeninos que no podemos menos que admirar,
674 1767 1707 1820 al mismo tiempo que nos regociamos al contar
674 1812 1713 1867 con tan valioso continiente en nuestras lides
677 1856 1585 1915 contra las leves absurdas de nuestro sexo.
767 1913 1716 1963 A manera de los caballeros de otras edades,
674 1961 1704 2014 inicia su jornada poniendo por divisa la dama y
674 2006 895 2059 la espada.
773 2050 1710 2103 Viene este nuevo adalid pleno de inspiración
680 2101 1722 2157 y buen sentido combatiendo la impunidad de la
680 2143 1719 2199 ignorancia y edificando la cultura, dando mérito
677 2197 865 2247 al saber
773 2247 1725 2300 Sea bienvenido el ilustrado colega que aduna
677 2298 1710 2351 su criterio al nuestro en el progresista ideal, y
683 2337 1713 2396 que siga siempre guiado por la rectitud, reco¬
686 2385 1713 2438 giendo triunfos en la lucha por reformar el
683 2435 829 2488 medio.
955 2501 1677 2554 CONSUELO MONTALVO DE FRIAS.
1191 2573 1430 2626 (Magnolia
