2479 3508
194 137 462 193 Fémina
744 276 1710 330 SERPENTINAS.
901 378 1534 428 POR PATIN MACEO.
203 581 1197 643 Quiero conceder que el genio es locura, pero
161 623 1194 685 eso sa locura sublime en la cual se vive en su¬
161 671 1179 733 mas alto grado la vida del pensamiento y el es pi¬
167 728 268 781 ritu¬
211 764 1188 820 Ser genio es alcanzar la divinidad que es posi¬
167 817 561 870 ble humanamente
203 850 1200 912 No es por suerte ser dios o punto menos crear
167 898 1197 954 seres de suvo tan humanos que pasen del arte a
170 949 331 1002 la vida
206 987 1203 1049 Hamlet no es para nosotros como un amigo
158 1029 1194 1091 muerto? ¿Don Quijote no ha vivido con nosotros
173 2430 1218 2485 No están grabados en nuestra memoria los pen¬
173 2474 1215 2530 samientos los habitos, las facciones del ilustre
179 2519 417 2578 mancheon
229 2567 1215 2623 Ese calor de humanidad, ese verismo del genio
176 2612 1215 2671 acreditan su poder de divinidad. Hundirse en
173 2659 1209 2709 el espíritu, sorprenderlo en uno de sus momen¬
182 2701 1215 2757 tos y engarar ese momento con supremo arte
182 2749 952 2805 en un tipo hé aquí la obra del genio.
229 2794 1206 2847 Hamlet es la duda, Otelo, la pasión tempestuo¬
182 2839 1215 2894 sa de los cellos Romeo, el amor romántico, Shi¬
1104 456 1325 509 N
1236 570 2277 628 lock, la avaricia; Yago, la traición tenebrosa;
1238 611 2277 676 Macbeth, el crimen Cordelia, el amor filial Pro¬
1244 659 2274 721 meteo, la filantropía; Don Quijote, el ideal y la¬
1244 716 1397 769 locura.
1283 820 2277 876 Los que habéis estado en contacto con el genio.
1241 865 2274 930 los que conocéis a Shakespeare y a Esquilo, a
1244 907 2280 975 Dante y a Cervantes, no habis notado mas de
1247 958 2280 1017 una vez las intuiciones pasmosas del genio, la¬
1244 999 2269 1064 suprema conciencia en todo cuanto pone la ma¬
1244 1053 1549 1112 gia de su arte
1289 1092 2280 1154 Dante realiza obras de arquitectura que mas
1250 1134 2277 1202 tarde asombran por la verdad matemática, Cer¬
1250 1182 2277 1246 antes ocupa señalado puesto en la Historia de
1250 1223 2280 1291 la Medicina por el tratamiento que hace emplear¬
1241 1271 2280 1330 con la locura de Don Quijote Shakespeare en¬
1247 1316 2277 1381 carna en muchos de sus tipos las caracteristicas
1250 1364 2277 1432 psicológicas de sus razas: Shilock, avaro, es ju¬
1250 1405 2277 1473 dio Hamlet, hombre introspectivo, meditabun¬
1250 1456 2277 1518 do, es del norte, Otelo es moro Romeo y Julista,
1250 1495 2283 1563 de Verong, tierra de la voluctuosa Italia, tierra
1253 1543 2277 1605 de amor arrebatado, trágico, amor latino, amor
1247 1597 1812 1653 de tembestades y locuras.
1295 1629 2286 1697 Los que habeis estado en contacto con el genio
1250 1677 2280 1739 no habeis observado que los símbolos las be¬
1250 1722 2289 1787 llezas, a mas de expresar la idea, el pensamiento
1250 1767 2286 1832 del genio, se prestan siempre a interpretaciones
1256 1820 1486 1879 múltibles
1310 1859 2292 1924 Amí se me antoja la aventura de Don Quijote
1256 1904 2286 1969 en la cueva de Montesinos a mas de una ocasión
1253 1949 2292 2020 para mover de risa a los lectores, con los suce¬
1253 1997 2292 2059 sos que narra Don Quil te y que afirman en
1262 2038 2292 2103 Sancho la opinión de que su amo es loco, se me
1259 2083 2292 2148 antoia, digo otra vez, algo mas que eso el motivo
1262 2128 2286 2199 para expresar un pensamiento demasiado hu¬
1262 2194 1403 2244 mano.
1301 2224 2298 2288 Don Quijo e, cuando á poder de sogas le sacan
1262 2268 2295 2330 de la crera, estí dormido; vuelve luego en su¬
1265 2316 2245 2378 acuerdo y narra inverosimilitudes sin cuento.
1307 2358 2298 2423 Mas tarde cuando el y Sancho yan el mundo
1259 2403 2295 2468 adelante en pos de nuevas aventuras, se ve Don¬
1274 2447 2289 2512 Quiote frente a la cabeza encantada y le pregun¬
1265 2495 2301 2560 ta si fué verdado fué sueño lo que el cuenta que le
1268 2552 1904 2611 pasó en la cueva de Montesinos.
1310 2641 2301 2709 Noble loco! ¡Tu locura tiene mucho de nues¬
1262 2689 2301 2751 tra propia vida! ¡Cuantas veces al volver los ojos
1259 2737 2292 2799 a lo pasado, cuando revivimos nuestra vida mue¬
1262 2785 2134 2847 ta, nos preguntamos a nosotros mismos:
1301 2836 2167 2886 Fué verdado fué sueño todo aquello?
