2479 3508
208 134 406 190 Página?
689 244 1194 315 SENOR.
1256 259 1743 312 A PAZ.
226 420 1191 476 Tal parece que vamos perdiendo paso á
182 477 1191 542 paso el buen uso de la razón. Somos tercos
182 528 1197 584 e incomprensibles para usar con rectitud
176 581 1191 640 nuestra conciencia; prestos y eruditos para
173 629 1194 691 abrigar el sentimiento del mal. Los desas¬
176 683 1194 742 tres del pasado en nada influyen para me¬
183 743 1182 806 jorar el presente, mucho menos para orien
185 787 1197 849 tarnos en el porvenir. Acudimos á la Histo¬
185 841 1200 903 ria en miras de conocer á nuestros enemi¬
191 892 1197 957 gos: raras veces para estudiar en los erro¬
179 952 1194 1011 res el modo de corregir nuestras culpas.
188 1005 1191 1067 Mientras el árbol de la civilización extien¬
182 1053 1200 1115 de con orgullo sus ramas en todas direc-
185 1113 1203 1169 ciones, gérmenes de destrucción y muerte
185 1167 1191 1226 roen sus raices amenazando su caída.
241 1337 1206 1399 El día 11 de noviembrede 1918, el campo
194 1388 1206 1452 Aliadófilo pregonó á los vientos el triunfo
185 1447 1203 1503 de la razón sobre la barbarie Siempre lo han
191 1495 1209 1557 pregonado así los vencedores de todos los
188 1549 1209 1611 tiempos, Francófilo de convicciones, celebré
191 1653 1206 1715 hubiera celebrado. Pero. icuántas ma¬
194 1758 1203 1826 luto y acompañan con lágrimas el recuer¬
194 1871 1209 1939 gimen en su viudez la desaparición del
191 1922 1200 1981 compañero de sus días! ¡Cuántos hijos su¬
191 1976 1209 2038 fren en su orfandad la ausencia de sus pa¬
197 2032 1209 2091 dres! ¡Cuántas víctimas inocentes regaron
208 2292 1206 2360 que el progreso impuso á la humanidad.
208 2459 1095 2524 gullo secular de la espada Austriaca?
674 2552 749 2608 II
185 1603 1212 1661 el triunfo de Francia; por nadie más lo
194 1710 1212 1772 dres en el campo adversario visten aun de
191 1812 1212 1879 do de un deudo muerto! ¡Cuántas esposas
191 2077 1215 2145 con su sangre el campo de batalla La tie¬
197 2131 1212 2199 rra, la Madre tierra, icuántos cadáveres
200 2185 1218 2256 guarda en su seno convertido en arca ge¬
206 2241 1215 2306 nerosa que guarda eternamente la ofrenda
208 2343 1218 2414 Fueron ellos culpables de la ambición des¬
211 2397 1212 2465 medida del Militarismo Prusiano o del or¬
256 2630 1221 2694 El hombre raras veces sabe hacer uso de
200 2683 1227 2745 sus triunfos. Cuando el triunfo, como el
203 2731 1221 2799 fracaso, debe ser la experiencia que acriso¬
208 2785 1224 2853 de en el hombre su voluntad para posterio¬
214 2844 1230 2906 res empresas, el triunfo solo conduce al
208 2901 1221 2957 orgullo y egoísmo; el fracaso, á la envidia,
206 2961 552 3014 a la venganza.
262 3006 1218 3068 La guerra del 1914 cambió diametral¬
208 3053 1233 3121 mente el mapa de Europa; pero no regeneró
206 3110 1230 3175 sus sentimientos bélicos, Mientras cesaba
1236 408 2242 470 el estruendo del cañón y ahogaba el silen¬
1236 468 2245 524 cio los gritos de la soldadezca, empezaba la
1236 519 2245 578 actividad en las Cancillerías en busca de
1244 575 2245 628 asuntos por litigar. Los compañeros de
1238 626 2242 685 ayer se convirtieron en enemigos de hoy.
1244 677 2242 736 La guerra de las armas cesó con el armis¬
1241 725 2242 787 ticio del 11 de Noviembre de 1918: la gue¬
1244 779 2245 843 rra de la victoria empezó entonces diplo¬
1241 838 2248 891 máticamente y por vías diplomáticas aún
1244 886 2251 945 continúa. Los victoriosos riñen entre sí
1250 940 2248 1005 por el reparto de sus trofeos, parodiando á
1247 993 2242 1052 bandidos de camino. Por qué Porque
1241 1047 2248 1106 las naciones son impotentes para dominar
1244 1101 2248 1160 sus propios egoismos, porque el hombre es
1244 1155 2254 1217 impotente para dominar sus pasiones. Mas
1250 1208 2254 1270 preocupa al mundo los resultados de una
1247 1262 2209 1315 victoria que los desastres de una guerra.
1695 1352 1785 1405 III.
1295 1435 2257 1491 Las enseñanzas del Cristo, las usamos de
1256 1489 2254 1548 parapeto en nuestras reclamaciones de
1253 1543 2257 1593 venganzas contra aquellos que, en nuestra
1256 1591 2260 1653 ciega pasión de locos, suponemos que nos
1253 1647 2257 1703 ofenden. Desde el siglo cuarto hasta el
1256 1698 2254 1757 siglo quince D. C., se suprimió en el nom¬
1256 1752 2251 1814 bre de Cristo, la libre expresión del pen¬
1247 1803 2254 1864 samiento, el golpe mas absurdo, despótico
1256 1856 2257 1924 y humillante que al mundo se ha asestado.
1259 1910 2257 1969 En el nombre de cristo se incendiarron las
1262 1958 2257 2026 teas de la Inquisición, la acción mas bo¬
1256 2015 2260 2076 chornosa en la historia de la Religión; en
1253 2071 2260 2127 el nombre de Cisto cubrió Francia su
1262 2122 2266 2184 suelo con guerras fraticidas. En el nombre
1253 2179 2269 2235 de Cristo nos llamamos civilizidos. ¡Ah,
1262 2224 2260 2291 ironía mefistofélica del hombre. Si Cristo
1265 2277 2260 2339 volviera, icómo nos echaria como á los mer¬
1262 2343 1734 2399 caderes del templo!
1719 2427 1809 2482 Y
1316 2504 2271 2566 Si estudiamos con investigador interés
1265 2561 2269 2623 los hechos que la Historia naira sobre el
1785 2612 2271 2668 decadencia de los
1268 2618 1701 2680 origen, desarrollo
1271 2662 2280 2739 pueblos, icuánta indignación inunda nues¬
1265 2713 2263 2784 tras almas al conocer los horrendos críme¬
1794 2770 2269 2829 impiedad con que se
1265 2779 1764 2838 nes, la ignominia el
1782 2827 2271 2886 predecesores. Y sin
1274 2833 1743 2892 conducían nuestros
1271 2877 2271 2945 embargo nuestros procedimientos de des¬
1764 2931 2269 2993 jamás han podido ser
1274 2940 1728 2999 trucción y muerte
1815 2985 2271 3041 El hombre, cansado
1274 2997 1788 3053 mas crueles e impíos.
1280 3036 2269 3109 ya de tanto destruir, por miedo á destruir¬
1277 3089 2269 3157 se a sí mismo, busca despavorida e imbé¬
