2479 3508
194 184 468 237 Fémina
2024 166 2233 216 Página 8
158 283 1191 342 cilmente un refugio á tantos desmanes. Se
161 337 1197 393 crean ligas y tribunales internacionales:
164 390 1200 455 pero el egoismo y ambición de unos y la
158 444 1191 500 complicidad desmedida de otros hacen de
164 501 1194 557 estos cuerpos organismos inertes. Mientras
164 552 1182 611 se suprimen acorazados se organizan floti¬
167 608 1194 664 llas aéreas; se reduce el ejército, mientras
167 659 1194 715 se organiza en doble número, con los mis¬
167 719 1200 772 mos principios y hacia la misma finalidad.
167 767 1203 826 las Guardias Nacionales, es decir ejército
170 820 1197 882 civil; se desmantelan baterías de las forta¬
167 874 1877 936 lezas, pero aumentan los esfuerzos en los Macorís. Octubre de 1922.
1236 265 2274 330 laboratorios, tendentes a buscar nuevos
1236 325 2280 387 medios destinctivos. Y así resultan letra
1241 381 2271 437 muerta los tratados, inmorales las alianzas,
1241 432 2277 491 incomprensible la razón. No obstante nos
1241 483 2269 548 llamamos cristianos. Mas valiera ser sal¬
1241 546 2104 599 vajes: seríamos mas humanos
1725 653 2063 709 Continuará
1543 758 2230 817 El Marqués de ALEMTYT.
782 2776 1740 2829 Cuevas de Santa Ana. Santo Domingo.
