2479 3508
188 131 394 184 Página 9
1916 128 2191 178 Fémina
615 349 1776 411 VARTEDADES
277 593 1062 694 STAILA.
280 629 394 697 E
1367 608 2098 667 Solución á la Charada No. 2.
292 844 1125 897 Santo Domingo Octubre 7 de 1922.
167 928 865 978 Señorita Petronila A. Gomez.
271 982 806 1032 San Pedro de Macoris.
161 1062 597 1115 Apreciada amiga:
217 1134 1176 1190 Llegó á mis manos casualmente un nú¬
167 1188 1179 1243 mero de la culta revista de que Ud, es di¬
167 1244 1185 1300 rectora-administradora, o sea Fémina, la¬
161 1298 1179 1354 que lei con sumo agrado y á la vez con cier¬
167 1352 1185 1408 to orgullo por tratarse de ser una revista
173 1408 695 1464 puramente femenina.
220 1459 1194 1515 Ahi le remito la solución de la charada
170 1513 755 1569 que salio en ese número.
223 1564 1182 1620 Yo he pensado en varias ocasiones hacer
176 1611 1191 1676 públicas algunas poesias, y á la vez colabo¬
176 1674 1191 1730 rar con lo q. pudiera en alguna revista del
185 1722 1188 1784 pais, pero nunca me he atrevido á ello por
173 1776 1188 1832 exceso de timidez. Hoy alentada con Fémi¬
173 1826 1194 1888 na me atrevo a ofrecerle mi pobre y humil¬
173 1886 1191 1939 de colaboración, si es que Uds, la juzgan
173 1937 1194 1993 capaz de figurar en su importante revista,
173 1994 1197 2047 De mis trabajos algunos figuran con mi¬
179 2044 1197 2100 firma al pié, y otros, tal vez los más, con el
182 2104 755 2163 pseudónimo de Violeta.
226 2152 1206 2208 Así pues, espero su contestación, y á la
176 2200 1197 2259 vez aprovecho la oportunidad para felici¬
179 2265 1015 2315 tarla, augurándole triunfos sin fin,
429 2316 1044 2366 S. S. Sque la saluda att.
552 2367 1155 2423 C. Enriqueta Maggiolo de Gruzado.
1352 784 1904 840 Lo magno seguro es bello,
1352 829 1830 888 no cabe demostración.
1358 886 1940 939 mas formando parte de ello
1358 943 1880 996 la charadita en cuestión;
1358 996 1767 1052 ya verás amiga mía
1355 1050 1979 1103 que con placer he encontrado.
1355 1101 1836 1154 de la dulce y bella Lia
1355 1155 1979 1208 el nombre que había buscado.
1364 1208 1833 1264 Y te podrás convencer
1355 1265 1910 1318 que magnolia, majestuosa,
1361 1319 1857 1369 es la rosa mas hermosa
1364 1373 1991 1432 prez y encanto del vergel....
1919 1465 2152 1521 VIOLETA.
1465 1659 2015 1712 Solución al Logogrio.
1280 1823 2146 1879 CASTELAR, cuyo detalle es el siguiente:
1522 1925 1988 1978 AS CARTA ARTE
1489 1991 2012 2050 LETRAS ALAS TEA
1480 2068 2018 2118 CASA SALA TELAR
1561 2250 1952 2303 Charada No. 3.
794 2424 940 2474 M. N.
182 2528 955 2581 Sra. C. E. Maggiolo de Cruzado.
241 2582 1203 2635 Nos ha llenado de grata satisfacción su¬
179 2636 334 2691 carta.
241 2683 1197 2745 Creemos que Ud, debe abandonar por
185 2740 1206 2790 completo esa timidez que le ha prohibido
191 2791 1203 2859 publicar sus trabajos literarios. Presumi¬
185 2842 1200 2897 mos que ellos serán como las primeras ca¬
188 2901 1209 2957 denciosas notas con que sorprende á la au¬
185 2961 591 3014 rora el ruiseñor.
238 3012 979 3068 Esperamos, pues, sus melodías.
1376 2355 1922 2414 Salió un navegante al mar
1379 2415 1910 2468 y le sorprendió un cición
1373 2465 1812 2515 aferrado en el timón
1382 2522 1773 2575 se veía naufragar.
1382 2573 1827 2623 Mas, una dos primera
1382 2624 1782 2683 empuióle con furor
1382 2677 1916 2739 entrándole á la dos tercera
1388 2731 1883 2793 haciéndole el gran favor
1385 2785 1859 2844 El todo de la charada?
1385 2842 1791 2897 está claro, ya se vé
1379 2895 1848 2951 enigma o acertijo que
952 3062 1158 3115 P. A. G.
1868 3048 2000 3098 LUZ.
