2479 3508
170 163 444 213 Fémina
1985 134 2215 196 Página 10
484 355 2027 407 te un
194 590 1170 652 El día 21 del pasado mes tomó posesión del
146 632 1167 700 alto cargo de la Primera Magistratura de la Na¬
146 683 1176 742 ción el correcto ciudadano Don Juan Bautista¬
155 722 1167 784 Vicini Burgos, por cuyo justo motivo fue decre¬
149 781 606 834 tado de fiesta ese día.
200 820 1167 879 Que sea para bien de nuestra sufrida patria y
146 862 1179 927 que suria de este punto de partida, la absoluta¬
143 913 623 966 soberanía nacional....
552 987 800 1037 Día de la Raza.
194 1050 1182 1109 Pasó como un raudo meteoro, dejando tras sí
146 1098 1179 1157 la luminosa estella del recuerdo, el grandioso día
143 1143 1167 1199 de la jóven América, el glorioso 12 de Octubre.
146 1188 1176 1243 en que arribó felimente á la sonada tierra de
134 1229 1167 1288 sus afanes el valeroso nata don Cristóbal Co¬
155 1274 1179 1333 lón, que para gloria de Quisqueva, derme el
158 1322 1179 1381 sueño eterno bajo regia arquitectura en el es¬
158 1367 1179 1432 pléndido monumento que guarda la preciosa¬
158 1417 877 1473 una con sus inmortales despojos.
570 1489 788 1542 SubDirector.
200 1555 1179 1614 El popular diario de la tarde Boletinercan¬
158 1603 1167 1658 til ha hecho una valosa adquisición, nombran
149 1650 1179 1703 do SubDirector del mismo al Sr. L. J. Bobea,
158 1749 307 1799 amigo.
501 525 829 578 Gobierno Provisional.
158 1695 1188 1754 motivo justo para que felicitemos al colega y al
522 1814 818 1867 Dia de San Rafael.
197 1883 1185 1939 El día 24 del pasado mes celebró la iglesia ca¬
155 1925 1176 1978 tólica el día de San Bafael, Con tal motivo feli¬
149 1970 1185 2026 citamos a nuestros amigos que respondan a este
149 2023 1179 2073 simpático nombre, especialmente á la culta y
161 2062 1188 2112 virtuosa señorita Rabaela H. Gómez y al precoz
158 2104 1179 2163 Rafael Elpidio Pera, hermana la primera y so¬
164 2149 1179 2211 brinito el segundo, de nuestra Directora la se¬
158 2206 471 2256 orita Gómez.
576 2274 776 2324 Esponsalicia.
206 2340 1185 2399 El dios travieso ha tendido su red entre dos
155 2385 1194 2441 corazones, y ha logrado enlazarlos con la dulce
155 2430 1182 2485 adena del amor. Ella la agraciada y gentil se¬
161 2480 1188 2530 morita Mirta Pichardo, y él, el correcto joven¬
158 2525 570 2578 Dr Julio Dewindt
203 2567 1188 2623 Que muy en breve realicen sus sueños de ven¬
167 2618 280 2671 tura.
600 2692 761 2742 Azahares.
206 2758 1185 2814 En estos últimos días se unieron ante Dios y
161 2803 1191 2856 la ley en esta ciudad, los apreciables jóvenes
170 2850 1176 2900 Miguel Aniel Fiallo de la Capital, y la kulta
161 2895 1167 2948 delicada señorita de esta ciudad, Narcisa Sofé.
214 2940 1200 2990 Que el hada de la felicidad hagaeterna su luna
161 2988 343 3041 de miel.
1534 910 1940 966 Sobre la Historia del Arte.
1268 973 2251 1037 Recomendamos á nuestros lectores amables
1218 1023 2248 1082 la lectura del interesante trabajo de traducción
1236 1074 1910 1130 por la señorita Delia M. Weber.
1265 1113 2254 1172 A proposito de ello dice la precitada señorita¬
1233 1152 2254 1208 El autor que traduzco es de los mas exquisitos
1218 1202 2239 1264 autores franceses de nuestra época. Es mu¬
1224 1247 2257 1309 interesante que la sociedad intelectual dominica¬
1227 1298 2263 1354 ma, conozca esta época de la Historia del mundo,
1221 1340 2263 1399 cuando aún padecemos sus consecuencias, de un
1230 1394 1836 1444 modo relativo, pero directo
1606 1459 1877 1512 Parque Salvador.
1274 1528 2257 1590 Actualmente se procede al relleno de un arro
1224 1573 2254 1632 de tierra que circunda la parte central del par¬
1236 1623 1528 1682 que Salvador¬
1271 1662 2260 1724 Esperamos que el jardinero destinado para el
1230 1710 2260 1769 caso, sea una persona diestra en el arte de la
1230 1752 2248 1814 Horicultura, para que sea debidamente ornamen
1233 1809 1785 1859 tado este céntrico parque
1653 1877 1827 1927 Solucciones.
1271 1943 2260 2002 Se recibieron de las siguientes damas Enri¬
1236 1991 2260 2050 queta de Cruzado, Cándida Richiez y Alba, calle
1241 2041 1892 2094 San José No. I. de esta ciudad.
1283 2080 2266 2136 Verificado el Sorteo salieron agraciadas, la
1230 2128 2266 2187 primera de estas tres damas con el premio de
1230 2173 2266 2226 Carrada y con el del Logogrito, la última, a
1230 2271 1761 2321 de a conocer su nombre.
1262 608 1662 658 Exito le deseamos.
1636 677 1836 730 Cumpleaños.
1262 740 2245 805 El día 18 del ppdo. Octubre cumplió 17 prima¬
1233 2218 2271 2276 quien suplicamos que al solicitar el premio, nos
1277 2409 2263 2459 Una grande y agradabilísima sorpresa esta¬
1230 2459 2260 2509 mos preparando para obsequiar a nuestros muy
1233 2501 2260 2554 estimados anunciantes, de quienes estamos muy
1233 2546 2271 2602 agradecidas por su actitud a favor de nuestra
1230 2594 1444 2647 empresa.
1280 2638 2269 2691 Prepárense, pues, anunciantes macorisanos y
1236 2683 1489 2736 capitaleños
1561 2340 1937 2393 A nuestros Anunciantes.
1591 2755 1913 2808 Astro que se apaga.
1280 2839 2271 2889 A la edad de 75 años fallecció el 2 de Agosto en
1244 2886 2271 2936 Baleck, Nueva Escocia. Alejandro Graham Bell,
1238 2928 1862 2981 celebre inventor del teléfono.
1665 3012 1845 3062 Despedida.
1277 3083 2283 3133 Se ausentó para la Capital nuestra apreciada
206 3128 2280 3181 En estos últimos días tuvimos el gusto de sa amiga Toñita Ceara á quien deseamos gratas
1233 3176 2024 3229 impresiones en su nueva residencia.
1212 504 2245 569 de La Tropical, C. por A., quien estuvo en es¬
1221 558 2215 617 ta ciudad en gestiones de su importante cargo.
1221 790 2254 846 veras la inteligente y sipática señorita amiga
1218 835 2074 894 nuestra, Maria Ballis. Felicidades mil.
161 3173 1203 3229 udar al señor Emilio Benedicto, agente viajero!
