2479 3508
1549 408 1806 467 Nº 23
443 729 1906 776 HERALDO DE LA MUJER
877 1358 1522 1411 MENSAJE DE LA DOCTORA
788 1420 1639 1473 ANNA HOWER SHAW
746 1474 1659 1524 A TODAS LAS MUJERES DE AMERICA
776 1570 1746 1629 "Deseo que todas las mujeres americanas, puedan te¬
650 1632 1746 1682 ner una parte activa en la vida de América, lo cual conside¬
653 1686 1746 1742 ro la cosa más importante que toda persona, hombre o mu¬
644 1746 1113 1802 jer puedan llevar a cabo.
785 1806 1749 1862 "Así también, como yo creo que la vida de familia es
650 1862 1740 1915 la más dichosa, cuando el hombre y la mujer, en intimo con¬
656 1919 1746 1972 sorcio, asumen igualmente sus problemas y responsabilida¬
650 1973 1743 2029 des; asi también yo creo que la vida en común, y la vida na¬
656 2029 1749 2085 cional, nunca podrán llegar á su perfeccionamiento, hasta
653 2086 1752 2139 que los hombres y las mujeres trabajen unidos para realizar
659 2143 964 2196 sus altos ideales.
776 2206 1746 2259 "A las mujeres que han obtenido la franquicia del
653 2265 1749 2315 voto, les deseo las ilumine Dios, para que puedan cumplir
659 2316 1316 2372 sus sagrados deberes con eficiencia."
1044 3050 1453 3100 Ayuntamiento de Madrid
