2479 3508
659 746 1982 802 PARÍS BAZAR
734 895 1913 951 P. GUSTI & CO.
473 1523 2179 1584 ARTICULOS QUE SE RECOMIENDAN POR SI SOLOS
1883 1650 2179 1712 Abanicos,
471 1653 1839 1709 Trajes. Faldas. Kimonas. Blusas, Batas,
1886 1719 2051 1772 Velos
609 1722 1806 1778 Sombrillas, Sombreros elegantísimos,
1877 1791 2173 1844 Bordados,
465 1794 1824 1847 para la cara, Guantes. Cintas, Encajes,
603 1856 2048 1915 Adornos de todas clases, Camisas de hilo
838 1922 1821 1975 españolas. Corrsets. Pañuelos,
728 2035 1916 2085 TELAS FINAS DE SEDA Y ALGODON,
641 2131 2033 2181 OBUTOS PARA REGALO
976 2197 1671 2247 TODO NUEVO, PRIMOROSO,
979 2262 1713 2315 TODO CHIC, TODO PRECIOSO,
982 2325 1674 2378 VENGA USTED Y LO VERA
412 2415 2227 2468 99992222
489 2558 2271 2608 "HERALDO DE LA MUJER", es el periódico femenino por excelencia. El visita los
382 2624 2269 2686 hogares de las mujeres más cultas, y de los hombres más ilustrados. Toda puertorriqueña.
391 2692 2263 2754 debe ser suscriptora del periódico que coadyuya á la cultura de la mujer y defiende sus de¬
391 2773 534 2826 rechos.
471 2833 2271 2897 Es deber de la mujer moderna ilustrarse y vivir con su época y con su siglo. Y es deber
382 2904 1268 2966 del hombre ayudarla en tan nobles empeños.
1030 3110 1465 3166 Ayuntamiento de Madrid
