2479 3508
638 719 1713 769 ¡Alerta!
662 925 1680 978 De interés para el bello sexo.
474 1292 1988 1345 Debido al gran éxito que hemos alcanzado con nuestra Pomada Cu¬
346 1379 1988 1438 tánea ZELITA en la curación de las pecas y manchas del cútis, han em¬
358 1471 1982 1527 pezado ya a lanzarse al mercado muchas IMITACIONES de nuestro pro¬
349 1564 1997 1617 ducto con nombres más o menos sugestivos; pero en beneficio de nuestra
265 1659 1991 1709 a numerosa clientela nos apresuramos á advertirle, que no acepte bajo ningún
349 1743 1143 1799 concepto SUSTITUTOS de nuestra
573 1928 1713 1984 Pomada ZELITA
361 2086 2000 2142 pues de seguro no obtendrán el resultado satisfactorio que obtienen con la
352 2176 1985 2229 nuestra, Muchas CREMAS CUTANEAS debido á los ingredientes que en¬
355 2268 1994 2324 tran en su elaboración HACEN SALIR VELLOS en el cutis, los cuales
352 2358 1674 2414 como es muy sabido afean notablemente el rostro femenino,
409 2465 1934 2527 Si su farmacéntico no tiene la Pomada ZELITA pidala directamente
513 2636 1845 2697 JUANA DIAZ DRUG CO.
701 2728 1636 2781 JUANA DIAZ, PTO RICO.
1018 3155 1465 3208 Ayuntamiento de Madrid
