2479 3508
665 525 1328 581 Compre en la bodega
818 596 1179 652 una lata de
579 695 883 745 LEVADURA
585 770 1394 837 EN POLVO ROYAL
865 865 1125 918 la famosa
588 919 1406 975 Royal Baking Powder americana
719 993 1286 1049 y pruebe la siguiente receta;
788 1068 1209 1121 TORTA DE CAFE
588 1119 847 1169 a tazas de harina
994 1122 1418 1172 a cucharadas de mantequilla
597 1146 913 1196 S cucharadita de sal
1032 1149 1200 1202 o manteca
591 1170 940 1226 encharadas de azúcar.
1000 1176 1236 1229 y taza de leche
591 1205 1328 1261 cucharaditas de FOTAL BAENG PONDER
597 1250 1525 1309 Merciene y ciéranse los ingredientes secos, añadase la
591 1280 1528 1336 mantequila o manteca derretida y la suficiente leche como
591 1316 1522 1369 para hacer una mezella espesa. Esparzalo en una fértara en¬
597 1346 1528 1402 grasada de modo que quede de Y Nigada de altura, Añadale
591 1370 1528 1432 la mezcla superior y pongalo en un horno no muy caliente
591 1405 838 1455 por so mintos.
865 1447 1250 1497 MEZCLA SUPERIOR
656 1486 1403 1551 a cucharadas de harina á cucharadas de azúcar
659 1525 994 1575 cucharada de canela¬
1056 1525 1477 1581 cucharadas de mantequilla
594 1564 1531 1626 Mezcle los ingredientes secos revuelvalos con la mantequilla,
597 1594 1528 1655 y esparzalo espesamente sobre la masa, antes de ponerlo al
591 1623 698 1679 Loro.
603 1683 1621 1748 Esta es solo una de las muchas clases de tortas, bizcochos,
606 1722 1621 1781 panecillos y pasteles, eto, que pronto y fácilmente pueden
597 1758 1618 1820 hacerse en casa con la ayuda de la RONAL MAKING
597 1794 812 1850 PONDER
641 1898 1895 1963 El Manual Royal del Panadero y Pastellero, conteniendo muchas ctras
632 1937 1895 2002 recetas se enviará por correo gratis a toda persona que nos mande su
635 1976 997 2032 nombre y dirección.
591 2068 1940 2133 Si la bodega donde Ud, compra no pende la levadura y polvo Real
594 2104 1474 2169 escribanos y le diremos donde puede conseguiria.
755 2170 1773 2232 ROYAL BAKING POWDER CO, New Yor, D. S. A.
797 2343 1734 2396 Ayude á los niños pobres¬
459 2450 2161 2506 Es necesario que en cada municipio de esta isla, se organice la sociedad filan¬
370 2495 2164 2548 tropica "EL ZAPATO DE LOS NINOS POBRES. Esta sociedad viene trabajando
376 2540 2164 2596 desde hace varios años en San Juan, con tanto éxito que podemos asegurar que todos los
379 2585 1683 2638 niños pobres que asisten á las escuelas yan debidamente calzados.
465 2630 2161 2683 No se necesita hacer sacrificios. Aceptamos cualquier donativo por insignificante que
370 2674 1262 2727 Sca. Mándelo hoy mismo, si usted desea a
468 2719 1976 2772 Sra, Maria T. de Surez, P. O. Box, 1122.—Sr. Miguel M. Toro, Aduana,
459 2764 1579 2817 Sr. Eduardo Areche, co National Casch Register Co.
465 2827 1701 2880 Este anuncio lo publica gratis HERALDO DE LA MUJER.
2030 2827 2158 2877 Adyt.
1038 3113 1456 3163 Ayuntamiento de Madrid
