2479 3508
1095 450 1648 509 HERALDO DE LA MUJER
561 605 2077 658 Doctora Alilla Howard Slaw
546 752 2239 808 El día dos de julio acaba de fallecer esta notable americana, después de una vida
414 811 1352 864 consagrada á la defensa de nuestros derechos,
549 859 2239 915 Mujer de extraordinaria energía, gran talento y arrebatadora elocuencia, era la
409 910 2146 966 Presidenta Honoraria de la National American Women Suffrage Asociation de E. U.
558 961 2230 1020 Ocurre su sentida muerte, cuando acaba de ser aprobada la enmienda á la Cons¬
412 1020 1773 1073 titución. Es una gran pérdida para todas las mujeres de America.
555 1065 2236 1124 HERALDO DE LA MUJER envía su sentida condolencia, á la National Ame¬
409 1128 1585 1181 rican Woman Suffrage Assotiation, de nuestra metropoli¬
483 1361 2149 1414 A letros suscriptores y alluliciales
555 1534 2239 1587 Bien dice el antiguo proverbio castellano, que el hombre propone y Dios dispone.
555 1597 2254 1647 Cuando más animados estábamos á darle gran impulso á este periódico, que lucha
417 1656 2242 1709 por hermosos ideales, una afección cruel nos ha retenido en cama yarios días, poniendo en
420 1722 859 1778 peligro nuestra vida,
555 1779 2239 1832 Algo mejorada, pero no fuera de cuidado, lo seguiremos publicando por ahora men¬
417 1841 2248 1891 sualmente, y sólo en español. En cuanto recobremos por completo la salud, volverá a
429 1901 2245 1954 publicarse quincenal. Por ahora nuestro estado bastante delicado no nos permite hacer
423 1964 528 2014 más.
555 2023 2245 2079 Nuestros suscriptores, que han venido ayudándonos con su concurso material, y
423 2086 2248 2136 que tanto nos alientan en sus cariñosas cartas, comprenderán la situación anormal que
412 2143 2245 2196 atravesamos, y nos seguirán prestando su cooperación, para llevar á feliz término el ideal
429 2206 1824 2259 patriótico al cual hemos dedicado todos los esfuerzos de nuestra vida,
895 2382 1791 2435 DE ADMINISTRACION
570 2516 2251 2569 Nuestros suscriptores y anunciantes no pagarán el mes de mayo ni el de julio que ha
420 2561 2248 2617 estado suspendido el periódico, por nuestro traslado á San Juan, y por nuestra enfer medad.
432 2609 2048 2662 La correspondencia se dirigirá a Ro Piedras a la Sra. Ana Roqué de Duprey.
573 2650 2254 2706 Suplicamos a todas las personas de San Juan, Santurce, Yanco, Manatí y otras
432 2701 2257 2751 poblaciones a quienes se les ha enviado recibos, procuren arregiar sus cuentas con esta
432 2743 2077 2796 empresa que necesita sus entradas, para poder atender a los gastos del periódico.
570 2788 2248 2844 Las personas que reciban este periódico y no lo devuelvan, se les considerará subs¬
432 2839 1797 2889 criptores, y pueden enviar el importe del trimestre que son y cos.
567 2880 1851 2933 El precio de los anuncios será más bajo, mientras sea mensual.
570 2928 2039 2981 Esta revista cada día aumenta su circulación, lo que podemos comprobar.
1027 3131 1459 3184 Ayuntamiento de Madrid
