2479 3508
355 922 1155 975 Fueron ellos los talentos más esclarecidos que
277 970 737 1023 ha producido Puerto Rico.
361 1020 1149 1073 Y para desgracia de esta tierra infortunada,
277 1065 1149 1118 ambos murieron en la flor de su edad, sin llegar a
277 1113 1143 1166 la completa madurez el fruto óptimo que prome¬
283 1161 821 1211 tían sus privilegiados cerebros.
358 1211 1143 1264 A más de notables políticos, ambos fueron poe¬
280 1256 1146 1306 tas. Y habrá que perdonanos el amor a lo nues¬
280 1301 1134 1354 tro; pero confesamos ingenuamente, que nos agra¬
277 1349 1146 1402 dan más las poesias de nuestros dos ingenios, que
280 1394 1140 1447 las de Santos Chocano, Rubén Darío y Amado
277 1438 412 1491 Nervo.
352 1492 1149 1545 Los nuestros, llegan á nuestro corazón con
277 1537 1146 1590 su ardiente patriotismo, con su amor inmenso a la
283 1582 1149 1635 tierra nuestra a este rincon de América tan lleno
283 1629 1080 1685 de hermosura, que para nuestra alma encierra,
355 1677 1059 1736 El mundo todo con sus innúmeras bellezas;
361 1737 1149 1793 El universo todo con sus egregias maravillas...!
355 1797 1146 1850 Los otros poetas, serán grandes, serán excel¬
274 1838 1030 1894 sos habrán alcanzado fama universal.
361 1895 1146 1948 Pero para nosotros, poco dicen. No tienen
283 1940 1143 1990 ese nervio, esa idealidad sublime que los caracteri¬
280 1985 1143 2038 za, ese pensar alto y sentir hondo que nos conmue¬
289 2029 1146 2082 ve ese amor divino a los grandes ideales de pa¬
283 2077 1155 2130 tria y libertad que alientan a este pueblo, nacido
280 2122 1152 2175 pobre, nacido triste, nacido pequeño, aunque ro¬
283 2164 1152 2220 deado de bellezas que inspiran la sus hijos
283 2212 1152 2265 los más altos anhelos, las más elevadas aspiracio¬
283 2259 1155 2309 nes que nos recuerdan a cada instante que somos
283 2301 1155 2357 hombres, y por lo tanto, con derecho a la vida,
280 2349 1158 2402 a la libertad y a la felicidad, como los demás
283 2391 447 2447 hombres.
355 2447 1152 2500 Ambos consagraron su vida á la lucha por la
277 2489 1152 2542 reivindicaciones que exige nuestro derecho de se¬
289 2537 516 2590 res humanos.
358 2588 1152 2644 Ambos lucharon por conquistar para nuestra
283 2638 1158 2688 patria un lugar decente y respetado en el concierto
283 2677 868 2736 de los demás pueblos de la tierra,
358 2734 1155 2790 Ambos lucharon por el derecho de poseer una
280 2779 1146 2832 bandera, bella y humilde si, pero nuestra exclusi¬
280 2827 567 2877 vamente nuestra.
916 378 1462 434 HERALDO DE LA MUJER.
582 540 1806 596 DOS CUMBRES
1224 623 2104 679 Una Flor del Recuerdo para nuestros muertos ilustres.
1683 665 1919 718 Julio 17, 1919
668 746 1704 802 MUÑOZ RIVERA, JOSE DE DIEGO
1310 922 2098 981 Ambos nos dieron un ejemplo de honradez y
1230 967 2095 1026 civismo, inolvidable para todo puertorriqueño, y
1233 1017 2101 1070 que culminará siempre en el cielo de nuestras ad¬
1230 1059 2095 1118 tuaciones, como la estrella esplendorosa de Belén,
1233 1110 2095 1160 que nos guiará al desideratum de nuestras aspira¬
1230 1152 2092 1205 ciones, por ese camino de dignidad y honor traza¬
1230 1196 2092 1252 do por esos caracteres luz, grandeza lealtad y sa¬
1230 1241 1376 1294 biduría.
1301 1295 2024 1348 Disparidad única entre esas dos cumbres:
1307 1352 2098 1405 Muñoz Rivera más reflexivo, después de vivir
1233 1405 1916 1458 algún tiempo en la tierra de la libertad;
1304 1456 2092 1509 Después de sondear con su potencial claravi¬
1233 1510 2092 1563 dencia, el porvenir..... , con todo el sesudo pen¬
1230 1552 2101 1611 sar de un Wilson y de un Roosevelt, fué feminista,
1233 1600 2095 1655 como lo son los hombres gloriosos que acaban de
1230 1641 2092 1700 ratificar la enmienda a la Constitución americana.
1307 1710 2101 1760 José de Diego habiendo pasado gran parte de
1230 1749 2095 1808 su vida en aquella Europa, fuertemente saturada,
1230 1797 2095 1850 hasta ha poco, de prejuicios medioevales y exalta¬
1230 1841 2101 1897 da su imaginación por ese lirismo del cruzado,
1233 1892 2098 1945 que rompía lanzas por su patria y por su dama;
1230 1934 2092 1987 era feminista á su manera, ridiendo culto idolá¬
1230 1976 2098 2032 trico a la mujer ideal, a la mujer santa á la mujer
1233 2026 2089 2076 ángel a la mujer que, desgraciadamente, solo exis¬
1230 2068 2095 2121 tía en su imaginación de poeta á la muier diosa
1230 2113 2098 2169 de los sueños y leyendas, utopía de un pasado que
1233 2170 2101 2220 se esfumó con el romanticismo: sin volver los ojos
1227 2218 2098 2268 jamás a la mujer moderna, á la mujer de nuestros
1230 2256 2095 2312 días, que ora trabajando, que piensa, que calcula,
1233 2304 2104 2357 que vive su vida de lucha y de dolor, prestando el
1233 2349 2098 2402 concurso de su inteligencia cultivada y el podero¬
1233 2397 2092 2447 so esfuerzo de su voluntad bien dirigida, a la cau¬
1233 2441 2098 2494 sa santa, a la causa humana de la regeneración de
1236 2486 2095 2539 los pueblos, por los senderos luminosos del deber y
1233 2531 2092 2581 la justicia, para alcanzar los fines de paz y concor¬
1230 2576 1758 2629 dia de la civilización moderna.
1247 2627 2095 2683 Por eso podemos decir sin temor de equivocarnos,
1238 2677 2101 2727 que nuestros dos ilustres compatriotas fueron en la
1236 2716 2098 2775 vida, dos cumbres, y dos diergencias en ese respecto.
1612 2821 2012 2877 Ana Roqué de Duprey.
1030 3134 1459 3187 Ayuntamiento de Madrid
