2479 3508
537 540 1191 596 ¿Sera Buena Fe
501 695 919 748 "Leemos en El Mundo"
525 734 1298 793 Los pueblos sufren y retrasan el desenvol¬
438 779 1304 846 vimiento de su educación civica, cuando al tratarse
429 826 1221 891 de los asuntos políticos aparece la "mala fe":
507 874 1307 936 ¿Y qué diremos las mujeres puertoriqueñas
429 916 1304 981 al enterarnos de la buena fe, de arrebatarnos nues¬
438 964 1298 1029 tros políticos el derecho del sufragio que nuestra
435 1011 1122 1070 metropoli nos concedió en el Bill Jones
516 1053 1304 1115 ¿Es esa buena fe? es ésa justicia?, es ésa
435 1107 662 1166 ecuanimidad?
516 1143 1304 1208 ¿Qué se ha pretendido hacer con ese acto, que
438 1188 1310 1255 no encontramos una calificación apropiada que
438 1232 1313 1297 darle, porque cualquiera que asoma a la punta de
438 1280 1304 1345 nuestra pluma es tan hiriente para, nuestra patria
447 1325 1307 1393 que amamos, que no podemos menos de resistinos
444 1373 1310 1441 por patriotismo, á tener el valor de estamparla en
444 1429 600 1482 el papel?
516 1468 1274 1530 ¡Que juzgue la Historia á nuestros políticos!
516 1513 1307 1578 ¡Que juzgue la Historia á la mujer puertori¬
441 1555 1307 1626 queña... ... y le dé el veredicto que merece su in¬
441 1614 755 1667 merecido despojo!
528 1653 1307 1709 Y así como el derramar la sangre de un justo,
441 1695 1313 1760 salpicó para siempre al pueblo de Isrrael, y le es¬
450 1737 1310 1811 parció por la tierra, sin patria ni hogar así el pue¬
444 1782 1310 1850 blo puertoriqueño, por haber arrebatado su dere¬
441 1829 1316 1894 cho a la mitad de su propio pueblo, vivirá sometido
450 1874 1310 1942 eternamente otro pueblo, sin soberana ni ciudada¬
447 1919 1319 1987 nía propia, hasta que reconozca su pecado de lesa hu¬
450 1967 1316 2029 manidad y repare, en lo posible (si pudiera tal
444 2015 1316 2073 acto de despojo injusto, ser reparado algún día) la
447 2062 1194 2124 terrible inisticia cometida contra nosotras.
537 2101 1310 2154 "Los pueblos sufren y retrasan el desevol¬
456 2149 1316 2211 vimiento de su educación cívica, cuando obran de
447 2206 597 2259 mala fe."
525 2250 1322 2309 ¿Y quién puede poner en duda, conociendo
456 2295 1322 2360 nuestras mujeres, todo el bienestar que hubiera
456 2340 1316 2408 podido llevar ella, a nuestra colectividad, si se le
450 2382 1313 2450 hubiera permitido actuar en nuestros asuntos pú¬
453 2430 1322 2491 blicos? ¿no se ha retrasado el desenvolimiento cí¬
459 2474 868 2530 vico de nuestro pueblo?
531 2510 1322 2575 ¿Qué se ha conseguido con aplasar unos años
453 2558 1173 2623 lo que inevitablemente tiene que suceder
528 2603 1325 2665 ponerse al progreso? ¿Oponerse a las co¬
456 2650 1325 2712 rrientes niveladoras de los tiempos? ¿Pudieron
453 2695 1328 2754 los esclavistas detener la liberación de los esclavos
456 2746 973 2805 en el mundo civilizado?......
537 2782 1325 2844 Y podrán los antifeministas sostener mucho
450 2827 1319 2892 tiempo a la muier en esa situción deprimente y
453 2874 1328 2939 bochornosa en que se encuentra en este país, que
1092 396 1648 452 HERALDO DE LA MUJER.
1382 480 2254 542 pretende formar parte en el concierto de los pue¬
1379 534 1970 587 blos libres No, y mil veces no.
1456 570 2248 631 Hombres del ayer, convenceos, que según pa¬
1379 617 2254 676 só la inquisición con sus horrores, la esclavitud
1388 662 2257 724 con sus clamores, el feudalismo con sus injusticias
1391 707 2263 772 y así todas las opresiones de la tierra; así pasará
1391 749 2257 814 ese estado anómalo e inhumano de nuestras socie¬
1385 799 2260 858 dades, en que la mujer, entidad humana, carece de
1385 844 2263 906 personalidad cívica, al nivel de un animal, y vive
1385 886 2257 951 abrumada de deberes y desposeída de todo derecho
1385 934 2260 996 en esta época de luz, en que solo se oye por todas
1385 982 2260 1046 partes abogar por las reivindicaciones compatibles
1391 1026 2260 1088 con nuestra civilización, y con los derechos de la
1385 1074 2260 1130 humanidad que van reconociendo todos los pueblos
1385 1125 1588 1178 de la tierra.
1471 1161 2257 1223 Hombres del pasado, la JUSTICIA DE DIOS
1385 1205 2260 1270 llega tarde o tembrano a todos los ámbitos del
1394 1265 1743 1321 planeta........
1456 1313 2191 1369 A ELLA, CONFIAMOS NUESTRO PLEITO......
1931 1382 2176 1435 La Redacción.
1444 1552 2218 1611 Como fué el primer beso
1588 1692 2095 1748 Leyenda Azul
1728 1806 2269 1859 PARA HERALDO DE LA MUJER.
1477 1889 2274 1954 Jugaban un día varios angelitos allá arriba en
1400 1931 2263 1996 el Paraíso unos a la comba, con un precioso beju¬
1397 1979 2277 2041 co de campanillas azules, otros cantando con sus
1406 2020 2266 2085 vocecitas divinas lindas canciones, muchos jugan¬
1406 2068 2269 2133 do a la guerra con arcos de flores y flechas de plu¬
1400 2128 1483 2181 mas
1474 2170 2271 2229 En un rinconcito, sentados sobre una hamaca
1397 2212 2266 2276 hecha de floridas enredaderas, se mecían alegre¬
1403 2265 1997 2324 mente dos de los alados chiquillos.
1474 2301 2269 2366 De pronto uno de ellos saltó posando sus ro¬
1403 2349 2271 2414 sados piececitos en la alfombra de jazmines, alas
1403 2397 2277 2459 de mariposa y plumas de pájaros, que cubría todo
1403 2441 2266 2503 aquel sitio, y mirando seriamente a su otro compa¬
1403 2498 1633 2551 ñero, le dijo:
1483 2543 2203 2599 —Me ocurre una idea: vamos á trabajar.
1489 2588 2277 2647 —¿A trabajar? preguntó el otro sorprendido.
1510 2630 2280 2691 —Si haremos un juguete nuevo una cosa
1409 2674 2271 2739 ideal y material al mismo tiempo.—Pues al avío—
1412 2722 2280 2787 y cogiéndose las manitas echaron a correr por las
1406 2770 2283 2829 intrincadas calles de follaje apartando los velos de
1409 2809 2277 2877 verdura que al romperse humedecían con una llu¬
1412 2856 2280 2924 via menuda y perfumada sus caritas sofocadas por
1027 3131 1459 3184 Ayuntamiento de Madrid
