2479 3508
871 402 1403 458 HERALDO DE LA MUJER.
1954 432 1988 466 7
286 489 1131 551 la rápida carrerra. Corriendo, corriendo llegaron
286 534 1134 593 al jardín de Papá Dios. Allí se veían las más her¬
289 575 1125 637 mosas flores. Violetas, rosas y claveles perfuma¬
283 620 1140 682 ban aquel ambiente celestial. A lo lejos se oía una
286 665 1125 727 música dulcísima, mientras multitud de avecillas
289 710 1134 772 e insectos de variados matices revoleteaban, li¬
289 752 1131 817 bando unas, los cálices de las flores picando otros
289 799 1128 858 las jugosas frutas de pequeños arbustos que de tre¬
286 841 1128 903 cho en trecho crecían, dando más encanto al sitio
289 889 698 942 con su delicada sombra.
370 931 1128 990 --Aquí encontraremos lo necesario dijo uno--
289 976 1128 1037 y empezó a coger aromados pétalos de las reinas
289 1020 1131 1079 de aquel jardín, mientras el otro en el hueco de sus
286 1062 1131 1127 manos iba esprimiendo una gota de cada fruta.
286 1104 1134 1169 En una corteza de naranja lo depositaron todo.
289 1152 1128 1211 Entraron luego despacito en el cenador donde aca¬
286 1193 1131 1255 baba de merendar nuestro gran Padre, que dormía
280 1238 1125 1300 su siesta apaciblemente. De los restos de la me¬
286 1283 1131 1345 rienda tomaron un poco de ambrosía y una gotita
283 1325 1119 1387 de nectar; aprisionaron un rayo de sol de la músi
280 1373 1131 1432 ca lejana lego en alas de la brisa una vibración
289 1417 1137 1473 que cazaron al vuelo y todo eso lo depositaron en
286 1462 1131 1521 la corteza, con un leve suspiro que exhalaron los
286 1504 916 1563 entreabiertos labios de nuestro Señor.
355 1549 1125 1608 Asustados al pensar que se despertaba, co¬
283 1591 1131 1653 rieron despavoridos con su original recipiente,
283 1638 1128 1694 lleno de lo más dulce, perfumado y divino del sa¬
289 1680 522 1736 grado recinto.
361 1731 1131 1790 Cuando estuvieron a bastante distancia se
283 1779 1122 1832 sentaron en la sombra de un árbol y con sus dedi¬
280 1820 1128 1879 tos de rosa empezaron a moler aquel contenido.
286 1865 1125 1921 Poco faltaba para que fuese tomando forma, cuan¬
283 1907 1128 1966 do Papa Dios se despertó entornando los ojos to¬
289 1955 1131 2011 davía turbados por el sueño y poniendo la mano a
280 2000 1134 2053 manera de viseras obre ellos para librarlos de los
286 2044 1125 2097 rayos del sol, los fijó en el grupo que a lo lejos for¬
277 2089 731 2142 maban los preciosos niños.
358 2131 1125 2184 --Hola hola! qué hacen allí aquellos arra¬
286 2176 1128 2232 piezos?-- dijo, y procurando que no lo viesen, dió
283 2221 1125 2274 la vuelta per detrás de los árboles y poco a poco
286 2265 788 2321 llegó donde estaban los niños.
349 2310 1116 2363 Le chocó lo que hacían y bajándose lentamen¬
283 2355 1116 2405 te, asomó su divina cabeza por entre las dos cabe¬
286 2394 1122 2453 citas rubias y les miró entre enfadado y risueño,
283 2441 1122 2494 ellos con la frente inclinada no se atrevían a levan¬
286 2486 692 2542 tar sus asustados ojitos.
355 2531 1131 2587 Entónces el Señor mojó los dedos índices en
283 2573 1125 2629 el jugo aquel y los pasó suavemente por los labios
286 2618 618 2674 de aquellos ángeles.
364 2659 1119 2718 --¡Oh Señor, has dañado nuestra obra --dije¬
283 2707 1128 2763 ron. Más no había terminado la frase cuando sin¬
283 2752 1122 2808 tieron en los labios un celestial cosquilleo. Se mi¬
283 2797 1119 2850 raron con dulzura. No se atrevían a moverse, pe¬
1212 501 2054 560 ro aquello era irresistible. Se cogieron las mane¬
1215 543 2057 605 citas y sin darse cuenta de lo que hacían se acer¬
1212 587 2060 649 caron las boquitas húmedas y coloraditas, se roza¬
1209 632 2060 691 ron primero, después una pequeña presión, luego
1215 677 1895 739 otra y nació el primer beso.
1292 722 2060 781 Nuestro Señor con las manos extendidas so¬
1215 767 2051 826 bre las dos cabecitas, cogió aquel dulcísimo beso,
1215 811 2057 867 y lo guardo en el misterioso cofre de las bellezas
1212 853 1555 909 divinas.........
1707 907 1976 960 Sicila de Astol.
1209 940 1642 1002 San Juan, Julio 14, 1919.
1236 1068 2033 1124 Enseñanza de la Linotipia á la mujer
1283 1155 2057 1217 Ha llegado hasta nosotros un rumor, que no
1209 1199 1848 1258 sabemos que fundamento puede tener.
1283 1241 2051 1300 Se nos dice que una de las acreditadas im¬
1215 1292 2051 1348 prentas de San Juan; va a dedicar una de sus má¬
1209 1331 2057 1393 quinas de linotibia, para establer unas clases para
1212 1376 2057 1438 mujeres, a fin de remediar la escasez de tipógrafos
1215 1423 2057 1479 que se deja sentir cada dia, resultando la imprenta
1212 1462 1555 1518 hoy demasiado cara.
1280 1516 2051 1575 Las jóvenes que vayan á aprender la linotipia.
1212 1558 2057 1620 abonarán una cantidad semanal a la empresa, para
1215 1605 1806 1658 sufragar los gastos que se originen.
1283 1650 2054 1706 La que sea demasiado pobre para abonar el
1206 1689 2054 1751 importe intero de sus clases solo pagarán una
1215 1740 2054 1793 parte, y lo que quede a deber lo abonará en traba¬
1206 1782 2060 1841 jo cuando está en disposición de hacerlo; para lo
1209 1823 2045 1882 cual se le exigirá un documento y fiador que ga¬
1212 1865 1818 1924 rantice el cumplimiento del contrato.
1286 1913 2054 1969 Nos parece muy plausible esa idea. Es otra
1209 1952 1979 2014 puerta que se le abrirá a la mujer industriosa.
1277 2000 2051 2059 La linotipia, como la dactilografía, es trabajo
1212 2044 2054 2100 propio para la mujer. El hombre debe de ejerci¬
1215 2089 2051 2145 tarse en otros más complejos y fuertes. Ese es
1209 2128 2054 2190 trabajo femenino; pero los locales destinados a él
1209 2173 2051 2232 no deben de estar faltos de aire, y alumbrados con
1206 2218 2048 2279 luz artificial, pues deben de ser claros y ventilados.
1280 2265 2045 2321 En Montevideo hace tiempo funciona una es¬
1206 2307 2051 2366 cuela de esta especie, y está dando resultados
1206 2352 1940 2411 magníficos, también las hay en otras partes.
1283 2397 2045 2450 ignoramos cual es la imprenta que la va a es¬
1209 2441 2051 2497 tablecer. Quizás sea la de Real Hermanos, la
1212 2480 1868 2542 Primavera Germán Díaz, no sabemos.
1277 2537 2048 2593 Pero cualquiera que sea, comprende sus inte-
1206 2579 2048 2638 reses pues puede asegurarse que antes de tres
1209 2627 2048 2683 meses, verá remunerado el gasto que haya podido
1209 2671 1528 2721 hacer al instalarla.
1280 2716 2048 2769 Aguardemos a que se despeje la incógnita, pa¬
1206 2755 2048 2814 ra aplaudir al progresista y benefactor de la mujer
1206 2803 1501 2853 y de la sociedad.
