2479 3508
1062 396 1600 461 HERALDO DE LA MUJER.
1080 623 1573 685 BALADA.
1403 665 2060 727 DANTE GABRIEL ROSETTI.
522 752 1053 808 CUANDO EL AMOR......
561 802 1280 852 Cuando el amor estaba en nuestras almas,
522 841 1089 894 Y juntos al crepúsculo asistimos,
528 880 1086 933 Miramos a los cielos y las nubes,
516 916 1137 972 Aún brillaban con ténue resplandor.
558 961 1044 1017 Al espirar el día apercibiste,
531 1002 1098 1055 Los últimos suspiros de la tarde,
534 1035 1071 1091 al oir los acentos de la noche,
528 1074 1143 1133 Yo pensaba escuchar mi propia voz.
561 1193 1283 1252 Cuando el amor estaba en nuestras almas,
531 1232 1024 1288 Cantábamos en días otoñales.
534 1274 1149 1327 Y las hojas del bosque como un eco,
525 1310 1116 1369 Llevaban el rumor hasta el confin.
1415 784 1991 840 Los torrentes corrían caudalosos,
1344 823 1937 873 A buscar en los mares sepultura,
1344 859 2021 915 y su voz fué un gemido que tu pecho
1349 898 1958 958 Como mi pecho amante hizo latir.
1421 979 2134 1032 Cuando el amor estaba en nuestras almas,
1382 1014 1865 1076 Jamás una palabra pecadora
1356 1053 1976 1108 Al descubrir el pensamiento oculto,
1345 1089 1919 1146 Nos hizo nuestros ojos apartar.
1415 1131 2089 1187 Hoy todo ha terminado. En el silencio,
1388 1167 1895 1223 Todavía los labios se sonrien,
1353 1202 2074 1262 Aguarda un poco más y en breves frases
1355 1241 1982 1304 Te enseñaré la ciencia de olvidar.
1692 1292 2119 1345 Carmela Eulate Sanjurjo,
615 1346 1940 1417 Traducción hecha expresamente para el tomo V de los Líricos ingleses de la Biblioteca clásica.
1030 1429 1639 1491 LA MADRE.
528 1525 910 1581 Según dicen, hija mía,
522 1558 907 1617 solas estamos las dos:
531 1600 916 1655 ¡mira tú, que tonteria!
531 1635 946 1694 ¿no nos acompaña Dios,
534 1671 997 1733 que es la mejor compañía?
755 1707 1128 1763 Algo más solas están
758 1746 1206 1799 Las madres que, sin afán
764 1785 1215 1838 de cumplir santos deberes,
767 1823 1113 1879 la vida pasando van
758 1862 1170 1912 entre fiestas y placeres;
537 1901 1092 1954 y sus hijas.... --pobres rosas
537 1934 925 1993 de su rosal separadas--
540 1973 1059 2032 que abren sus almas hermosas
540 2015 916 2068 a las caricias dudosas
537 2053 916 2109 de nodrizas y criadas.
770 2083 1233 2139 Cuando tu existencia en mí
773 2125 1167 2181 más que senti, adiviné,
767 2164 1149 2217 en el cielo entrar creí,
773 2197 1161 2259 y desde entonces no sé
770 2241 1149 2291 vivir más que para tí.
540 2277 916 2333 Para tí nada más: eso
537 2316 1018 2372 mi orgullo y mi dicha labra:
549 2355 985 2417 ya verá con que embeloso
543 2394 910 2450 recojo tu primer beso
552 2432 901 2488 y tu primera palabra.
773 2465 1158 2521 cual recogi tu primera
770 2504 1146 2557 dulce mirada indecisa
773 2543 1164 2593 y de tu boca hechicera
770 2579 1200 2632 la contracción placentera
773 2618 1218 2671 que fué tu primer sonrisa,
552 2656 967 2712 Otra por vanos placeres
540 2695 892 2748 esos inocentes seres
543 2734 988 2787 dejan en manos extrañas:
546 2770 949 2823 ésas no tienen entrañas
475 2806 991 2862 de madres, ni de mujeres.
1612 1507 2140 1560 Hoy te arrullan mis canciones,
1612 1540 2080 1596 más tarde en horas serenas
1612 1582 2086 1638 te enseñarán mis lecciones,
1618 1620 1997 1673 las sencilas oraciones
1621 1656 2095 1715 que rezan las niñas buenas;
1409 1704 1904 1763 aún más tarde, en mi vejez.
1388 1746 1779 1796 estos desvelos prolijos
1391 1782 1746 1835 fruto darán otra vez.
1385 1820 1842 1873 cuando copies en tus hijos
1358 1823 1746 1912 escenas de tu niñez.
1624 1898 1964 1951 Si vo pudiera soñar
1618 1940 1979 1993 que mi mayor alegría
1618 1979 2036 2029 no es cuidarte sin cesar.
1627 2015 2000 2073 pienso que me moriría
1618 2050 2051 2106 de vergüenza y de pesar.
1397 2101 1761 2151 Y en tus ojos al leer
1394 2131 1857 2193 noto, que has de responder
1359 2176 1764 2235 a mi amante desvarío
1400 2215 1806 2268 queriéndome, ídolo mío.
1385 2253 1883 2306 cuanto puedas tu querer....
1630 2289 2027 2339 Según dicen con porfía,
1618 2325 2006 2378 solas vivimos las dos:
1624 2364 2021 2417 según dice el alma mía,
1627 2400 2018 2456 a nosotras nos dá Dios
1630 2438 2065 2497 paz, ventura y compañía.
1403 2477 1916 2533 Las que de su hogar se alejan
1397 2516 1812 2569 y en el empeño no cejan
1397 2552 1931 2608 de hallar del mundo en las olas
1403 2594 1955 2647 los goces que en su hogar dejan
1406 2630 1824 2686 ¡ésas sí que viven solas!
1788 2701 2068 2754 María Barrera.
1400 2791 1633 2844 Lima, Perú.
