2479 3508
826 453 1355 506 HERALDO DE LA MUJER.
412 587 913 637 EL BUSCAPIE
313 686 1095 739 Ha dejado de publicarse "El Buscapié" en su
241 734 504 787 segunda época.
319 773 1089 829 El Maestro se despide abogando por los des¬
244 814 1083 870 heredados de la fortuna, por esos infelices huérfa¬
244 859 1089 915 nos sin pan ni hogar, que si la sociedad no los
244 904 1083 957 atiende, serán una amenza para ella con sus per¬
244 949 743 1005 versidades casi inconcientes.
313 993 1095 1046 Mientras que recogidos en esos asilos, que la
244 1035 1089 1091 mujer puertorriqueña debía de multiplicar hasta
250 1083 1083 1133 lo infinito, serán seres útiles para la sociedad y
247 1128 686 1181 honra y prez de la patria.
319 1173 1092 1226 El noble astur, al dejar su periódico favorito,
244 1214 1092 1267 aquel que siempre ha encarilado la opinión por¬
247 1256 1089 1315 prudentes derroteros, da una prueba más de su
244 1301 1092 1357 magnánimo corazón abogando por una causa tan
247 1349 543 1402 digna y hermosa.
322 1394 1095 1444 Que sus palabras no caigan en tierra estéril,
247 1435 1092 1494 y que siempre se conserven en el corazón de los
256 1477 1089 1536 puertorriqueños, las enseñanzas del Maestro, al
253 1525 1095 1581 que deseamos salud y tranquilidad, para que nos
244 1567 1059 1623 siga prestando alientos en las luchas de la vida.
1403 584 1785 637 Controversia
1247 707 2012 763 Todas las personas sensatas de Puerto Rico,
1176 761 2018 811 ven con pena que se susciten en nuestra sociedad
1173 811 1922 867 controversias tanto religiosas como políticas.
1241 862 2012 915 Esas razones no tienen razón de ser entre no¬
1170 904 2018 963 sotros. En este pequeño mundo nuestro, debe
1173 952 2015 1005 existir la fraternidad más sincera, y la tolerancia
1170 999 1409 1049 más absoluta.
1241 1050 2006 1109 Cada cual piense como le parezca, pero coad¬
1170 1095 2018 1154 yuve, según sus medios a la tranquilidad y feli¬
1170 1143 1862 1196 cidad de este pedazo de tierra idolatrado.
1250 1196 2015 1255 HERALDO DE LA MUJER, permanecerá siempre
1170 1244 2015 1300 alejado de toda lucha que tienda a dividir la fami¬
1170 1295 1489 1348 lia puertorriqueña.
1241 1340 2021 1393 Su editora respeta, de un modo absoluto, el
1170 1382 2018 1444 pensar y el sentir, tanto en religión como en polí¬
1170 1426 2015 1485 tica de todo el mundo. En estas cuestiones siem¬
1179 1474 1871 1536 pre será imparcial, independiente y neutral.
1671 1555 1949 1605 LA REDACCION.
570 1776 1636 1832 MUNDIAL
746 1934 1516 1996 Selecciones por Ateme
937 2029 1361 2085 BOLSHEVIKISMO
325 2137 1095 2199 Los habitantes de Moscou se mueren de ham¬
256 2182 1101 2247 bre y plagas. De 3,000,000 se ha reducido su
253 2238 600 2288 número a 1,000,000.
325 2283 1098 2342 Los trenes no circulan. Cuando un caballo
250 2325 1095 2384 se muere en la calle, los hombres y mujeres dis¬
262 2367 1095 2429 putan sus despojos a los perros y allí mismo de¬
256 2412 1098 2474 voran sus restos, sin siquiera llevarlos a sus ca¬
253 2465 555 2515 sas para cocerlos.
331 2510 1095 2569 El miedo y el hambre han engendrado una
250 2552 1092 2614 epidemia de insanidad. Maniáticos de todas cla¬
256 2606 704 2659 ses circulan por las calles.
334 2644 1104 2700 En las Hospitales de Maternidad, mueren el
259 2683 1101 2748 90 por ciento de las madres, después del alum¬
259 2743 444 2793 bramiento.
337 2773 1098 2838 La mortandad infantil es horrorosa. Se ase¬
256 2821 1107 2883 gura que se ha vendido como alimento, la carne
265 2868 647 2921 de cadaveres humanos.
1247 2122 2024 2184 Para el tifus, que es la plaga que hace estra¬
1182 2167 2015 2235 gos, no hay medicinas, ni desinfectantes, ni si¬
1179 2224 1412 2276 quiera jabón.
1247 2274 2021 2333 En la estación central del ferrocarril, al hacer
1176 2313 2021 2381 la limpieza se encontraron cinco cadaveres que ha¬
1176 2364 1839 2423 cia varios días habían muerto del tifus.
1244 2418 2027 2480 Solamente en enero murieron en Petrogrado
1179 2465 1931 2524 100,000 personas de hambre y enfermedades.
1250 2519 2027 2581 Las tiendas están cerradas todas, excepto las
1185 2570 1636 2623 que pertenecen a los Soviet.
1256 2630 2027 2686 Solo los afiliados al bolshevikismo, si llevan
1185 2677 2030 2736 tarjeta que lo acredite, consiguen algo. De este
1185 2719 2030 2781 modo las clases educadas van pereciendo. Una
1182 2764 2024 2823 libra de pan cuesta 100 rublos sol (850). Muchas
1182 2809 2030 2868 iglesias se han covertido en teatros o salones de
1188 2850 2021 2912 baile. Las mujeres de las clases más elevadas es¬
1032 3077 1465 3127 Ayuntamiento de Madrid
