2479 3508
1053 402 1609 461 HERALDO DE LA MUJER.
400 504 1289 563 tán en manos de los monstruos humanos que lla-
400 561 713 611 man bolshevikis.
477 596 1286 655 Hay un batallón de chinos dedicados exclusi¬
400 647 1289 700 vamente a fusilar. De 3,000,000 de habitantes,
406 701 806 751 quedan 100,000......
477 740 1292 799 Saquean las ciudades y las capturan en pocos
403 781 1286 843 días Una decima parte del ejército rojo es bolse¬
412 832 1295 888 viki, el resto se ve obligado a pelar, pues cuando
406 877 1292 936 un soldado es deserto, se le da muerte a toda la
406 934 555 987 familia.
483 970 1295 1029 Los bolshevikis tratan de que Europa entera
403 1020 1224 1076 entre en la revolución para no verse perdidos.
498 1095 1212 1154 Paul Marguerite de la Academia Goncourt
1373 486 2269 554 quín de Flora, los monjes, los cenobitas, recoletos
1376 534 2271 596 que recibían la luz creadora en el arrobo místico
1376 581 2271 643 de la celda o del claustro, viéronse despojados de
1373 626 2269 691 su misión de apóstoles del arte. La escuela Clu¬
1373 671 2266 739 y la de Rávena, la de los Cistersianos y Francis¬
1376 719 2271 784 canos, ceden por la fuerza novadora de los huma¬
1382 770 2266 831 nistas, la exégesis estética á los artesanos laicos,
1456 814 2266 876 Más tarde el mártir Savonarola, el último as¬
1373 862 2263 921 ceta del placido valle de la umbría, purgó el pos¬
1379 910 2113 972 trer arrebato de la Florencia Evangelista.
1459 958 2280 1017 La Italia de Dante, emancipada de la jerarquía
1382 1002 2271 1064 ortodora, por manos de los supuestos herejes, de¬
1382 1044 2266 1109 rumba la enmohecida escolástica, y la razón azu¬
1379 1092 2266 1157 zada por la ciencia, se hace queña de la nueva re¬
1382 1152 1650 1205 ligión plástica,
1456 1191 2271 1249 En la Francia medioeval ocurrió un fenómeno
483 1191 1295 1246 Ha muerto el gran escritor, gran patriota,
414 1232 1289 1300 gran feminista, Nació bajo el ardiente sol de Ar¬
412 1292 653 1345 gelia en 1850.
486 1325 1295 1387 En Pasos sobre la Arenas, ha cantado el mis¬
412 1376 1298 1432 mo su infancia, desumbrada y llena de nostalgia.
414 1423 1298 1479 Su padre, que fué un héroe, el glorioso general
412 1465 1301 1527 que sucumbió en 1850, le llamaba mi pequeño sa¬
420 1522 576 1572 hariano.
495 1558 1295 1617 La claridad, el azul que penetraba por sus jó¬
417 1608 1304 1661 venes pupilas, impregó su estillo de un matiz a la
420 1659 800 1715 vez cálido y vibrante.
492 1701 1289 1760 En 1850, en pleno realismo, debutó con nove¬
412 1752 937 1805 las de tendencias naturalista,
519 1791 1304 1844 El Coracero Blano" 1912) Hacia el Ho¬
412 1838 1307 1900 noro 1562) Los Cuatro, 192) Pascal efa¬
417 1895 632 1945 se 1902).
495 1928 1298 1990 En 1896 su hermano Victor se confundió ar¬
412 1982 1101 2038 moniosamente con el en su producción.
495 2026 1310 2085 Doce años duró la fecunda colaboración a ella
414 2080 588 2133 debemos:
501 2107 1301 2166 "El Desastro Las Bravas Gentes. La Co¬
417 2164 821 2217 munes y alguna otra.
498 2206 1307 2262 Hubo divorcio fraternamente en 1909, y Paul
420 2250 1310 2312 escribió La Llamos, Los días se alargan, y la
420 2301 752 2363 debilidad humanos.
495 2343 1310 2402 Pero una de sus obras capitales es "La for¬
412 2400 555 2450 menta".
495 2441 1304 2497 En el teatro produjo solo, o con su hermano,
435 2480 1316 2536 Lo Imprevisto, drama rápido y atrevido, que se
417 2531 1316 2590 hizo aplandir. As también El Corasón y la
420 2576 1313 2638 Ley. Su último libro fué "ouir que condena
417 2627 1256 2686 con verbo implacable a los Sobs de la Riviere.
946 2689 1244 2745 JULIAN MARTEL.
1859 1268 2233 1321 E. GOMEZ CARRILLO.
1633 1411 2033 1467 DULCE SUENO
1459 1492 2200 1551 NOVELA DE LA CONDESA DE PARDO BAZAN
1462 1570 2280 1629 Santiago Alba, Duque de Alba, es el héroe
1385 1614 2280 1676 novelesco, el modelo que tomó la Condesa, para
1391 1665 2283 1721 personificar la alta aspiración, el ansia generosa de
1391 1710 2280 1769 nobles ideales. Es el borador en vivo, de Agus¬
1391 1758 2289 1814 tín Almonte, el preferido de la protagonista de
1424 1803 1680 1862 Dulce Dueño.
1462 1850 2292 1906 En lo espiritual, impetuoso, apasionado, lleno
1385 1895 2283 1954 de idealidad; pero con idealismo que se funda en
1391 1943 2086 1999 realidades, y no en reveries románticos.
1468 1991 2277 2047 Español europeizado y modernísimo, admira¬
1391 2038 2286 2094 dor algo desencantado de la superioridad de los
1391 2083 2277 2142 anglos sajones en lo físico, joven de buena estatu¬
1391 2131 2292 2187 ra, no muy grueso, de sedosa barba, descoloridas
1394 2176 2280 2238 mejillas y frente, ojos salientes, señal de elocuen¬
1394 2224 2292 2279 cia, y pelo abundante, Predomina en el carácter
1394 2271 2280 2321 de la fisonomía, la inteligencia y la voluntad.
1391 2313 2292 2369 recordando su cabeza a la de San Juan Bautista
1391 2361 2283 2417 en un plato; la hermosa cabeza que asoma pálida,
1391 2406 2286 2465 a la luz de las estrellas, por la boca de un pozo en
1839 2489 2251 2542 FEDERICO SANTANDER.
1642 2630 2071 2688 PENSAMIENTO
692 2773 1041 2832 FAMENTO
495 2862 1310 2921 Fué en el siglo XIII que las doctrinas racio¬
420 2910 1316 2975 nalistas se abrieron paso en Sicilia, donde años
420 2958 1310 3023 antes se oyeron los clamores apocalipticos, de loa¬
1474 2719 2289 2769 Para unos la Libertad y la Democracia, son
1391 2764 2083 2817 conceptos trascendentales y profundos.
1477 2809 2289 2865 Para otros, nombres yacios, convencionalis¬
1400 2856 1809 2909 mos, etiquetas falaces.
1480 2901 2295 2957 La libertad debe servir para extender a todos
1397 2949 2289 3005 las caricias y amabilidades de la vida, Por la li¬
1027 3170 1459 3220 Ayuntamiento de Madrid
