2479 3508
865 444 1397 494 HERALDO DE LA MUJER.
241 540 1092 596 bertad deben vivir mejor los hombres: los humildes,
244 581 1086 637 deben ser evangélicamente ensalzados deben con¬
244 629 1089 682 vertirse en campo a todos accesible, los mundos
244 674 1086 727 de cultura, del arte, de la belleza, del bienestar,
247 716 1080 772 dominio que hasta hoy fueron, bajo todos los regi¬
244 761 1089 814 menes, cotos cerrados, que una casta nobiliaria y
238 805 1089 858 oligarquica, aristocrática o burguesa, de estirpe o
247 853 677 906 de aluvión, usufructuaba.
316 892 1089 948 El ciudadano, el hombre libre, que tiene con¬
247 940 1086 996 ciencia de su libertad y la ejercita, solo puede ser¬
244 982 1086 1037 lo libertando el cerebro y el estómago, las dos ar¬
247 1029 1098 1085 golas en que las cadenas de toda servidumbre se
1170 534 2021 587 Guerra, Mr. Backer, y el gobernador del Estado
1167 584 1656 637 de hio, Mr. Cor. (Fabra.)
1319 716 1871 772 El Principe de Gales se hace masón
1247 796 2012 849 Comunican de Londres que el príncipe de Ga¬
1170 841 1782 894 les ya a entrar en la francmasonería,
1250 886 2024 939 La ceremonia de iniciación se ha fiado para
1170 931 1400 984 el a de mayo.
1247 973 2024 1026 El duque de Connanght, gran Maestro de la
1182 1017 1895 1070 Masonería inglesa, asistirá a la ceremonia.
1247 1062 2030 1115 La Logia donde entrará el principe es la de
1173 1101 2021 1157 Housenolt, a la cual pertenecen numerosos ofi¬
1176 1155 1474 1205 ciales. (Kadio.)
376 1208 970 1258 EN FAYOR DE LAS MUJERES RUSAS
340 1286 1012 1339 UNA PROTESTA DE LAS MARES INCLESAS
322 1358 1098 1414 El presidente del Consejo de ministros ha reci¬
247 1405 1095 1458 bido la siguiente carta, y analoga protesta ha sido
253 1447 1098 1503 formalada hace poco por las mujeres de Francia;
259 1486 1095 1545 El Comite ejecutivo de la sociedad Unión de Ma¬
253 1540 1101 1590 dres, en representación de más de 10,000 mujeres
250 1579 1098 1635 británicas, ultrajadas y horrorizadas por las noti¬
250 1626 1098 1679 cias de Rusia, se permite instaros a emplear vigo¬
250 1668 1095 1724 rosamente toda vuestra influencia cerca de la Con¬
247 1716 1089 1769 ferencia de la Paz para que se adopten inmediata¬
250 1761 1092 1814 mente medidas que salven a las mujeres y a las
250 1803 1092 1859 muchachas, no solamente de los sufrimientos físi¬
250 1847 1092 1903 cos, sino de los terribles oprobios que se les infi¬
256 1889 1092 1954 gen en algunas partes del país. En nombre de to¬
259 1937 1098 1996 das las esposas y madres, queremos que la Con¬
256 1985 1101 2038 ferencia intervenga y obligue inmediatamente a
256 2026 1098 2082 los que son responsables a poner término al infa¬
253 2071 1098 2127 me trato a que están sometidas las mujeres de
265 2119 376 2172 Rusia?
262 2361 683 2417 ESCASAS PROBABILIDADES
573 2397 1107 2453 DE QUE VISON SEA REELECIDO
337 2480 1110 2533 Según comunican de Londres, se cree que en
256 2525 1104 2581 las futuras elecciones presidenciales de los Estados
262 2570 1110 2623 Unidos, Wilson cuenta con pocas probabilidades
265 2618 540 2668 de ser relegido.
331 2659 1110 2712 Los candidatos republicanos parece que serán
262 2701 1107 2757 Taft, presidente en la etapa anterior a Wilson el
262 2743 1107 2805 general Pershing, el senador Harding y el gene¬
268 2797 444 2847 ral Woca.
334 2836 1116 2892 Los candidatos demócraras serán seguramente
262 2880 1110 2936 el actual ministro de Macienda, Mo Ado, el de la
773 2149 988 2202 (T. sin H.
262 2265 1107 2324 La próxima elección presidencial de los Estados Unidos
1433 1289 1770 1339 EL DOCTOR TURELL.
1250 1373 2036 1426 En la conferencia que celebró en el Ateneo de
1182 1414 2024 1470 Madrid este ilustre medico español, sobre la mi¬
1176 1462 2036 1515 sión médica española en el frente francés inició la
1182 1507 1973 1560 idea de elevar un monumento a la mujer aliada.
1427 1641 1803 1691 ROSALIA DE CASTRO
1247 1719 2030 1772 Su lirismo melodioso y dolorido traspasó las
1185 1767 1498 1817 fronteras gallegas.
1247 1812 2036 1862 Sus producciones son dignas émulas de las de
1179 1853 1594 1906 Heyne y las de Becquer.
1367 2009 1859 2059 De Actualidad
1271 2101 2033 2154 partacus.—Proviene esta palabra del
1185 2146 2033 2199 esclavo romano Espartaco, que en tiempos
1182 2188 2021 2244 de Crocio, lucho por libertar a los esclavos:
1194 2229 2027 2291 y por hacer célebre su nombre, pegó fue¬
1191 2280 2033 2333 go al templo de Efeso el de las cien
1191 2328 1352 2378 puertas.
1280 2376 2033 2429 Hoy se le da este nombre al que lucha
1191 2421 1665 2480 por romper sus cadenas.
1277 2462 2024 2515 Marimitismo o comunismo anárquico,
1191 2504 2033 2560 se aplica al programa máximo de los
1191 2555 1397 2608 socialistas.
1277 2597 2039 2650 Bolshevita, que quiere decir "bolsa
1188 2641 1361 2694 común".
1283 2683 2039 2739 Sove, quiere decir "Consejo o re¬
1191 2728 2045 2781 nión de vecinos que desconocen casi del
1188 2776 1546 2826 todo la autoridad.
1035 3083 1456 3136 Ayuntamiento de Madrid
