2479 3508
478 444 528 478 12
1095 411 1656 476 HERALDO DE LA MUJER.
462 555 2206 643 SECCION CIENTIFICA
1465 647 1955 706 Por Laura de Bensac.
821 814 1874 885 El Cinematógrafo aplicado á las Ciencias
492 973 1307 1040 Está resultando ser el Cinematógrafo un factor
412 1023 1191 1088 importantísimo en el estudio de las ciencias.
495 1065 1313 1130 Se está tratando de constituir bandas de films
417 1113 1310 1178 unidas las unas a las otras, relativas a la historia
420 1161 1310 1226 natural, a la geografia, la industria, la astronomía,
417 1220 713 1276 la medicina, etc.
501 1253 1316 1318 Esas películas desarrolladas a los ojos de un
417 1301 1316 1366 auditorio, mostrarán el proceso evolutivo de un
426 1343 1310 1411 animal, de una planta, de un astro; las fases di¬
423 1394 1316 1452 versas de una fabricación o de otro fenómeno
423 1441 1316 1503 cualquiera, así como las trozos escogidos, dan
429 1489 1203 1548 una idea de las obras literarias e históricas.
513 1534 1322 1596 Por lo pronto vemos los resulados que va
432 1576 1319 1647 obteniendo M. Garrigon Lagrange, fundador del
432 1632 1316 1691 Observatorio meteorológico de Limoge (Francia).
429 1674 1221 1739 aplicando el cinematógrafo a la meteorología.
513 1722 1322 1781 Ha inventado él un aparato cinematográfico,
435 1764 1319 1832 que le permite hacer visible en el film, los movi¬
435 1814 1244 1879 mientos del aire en las altas y bajas presiones.
513 1859 1328 1921 Como es la atmósfera el sitio de los grandes
438 1904 1319 1972 movimientos circulatorios, cuyo conocimiento for¬
438 1949 1328 2014 ma la base de la previsión del tiempo, el cree que
441 1997 1322 2062 estableciendo en cada estación meteorológica, dia¬
441 2044 1322 2112 gramas en los cuales se condensen los resultados
441 2089 1322 2154 que se consignan en las cartas meteorológicas, es¬
444 2140 1325 2205 tas cartas indican las curvas de igual presión ba¬
438 2185 1328 2250 rométrica, sobre vastas regiones, y aunque las
444 2229 1328 2294 curvas se reforman continamente, se ha observa¬
447 2277 1334 2342 do que siguen ciertas lleves, y estudiando cuidado¬
447 2328 1340 2387 samente todas las cartas de la región que se trata
450 2370 1334 2438 de determinar, puedne deducirse las conclusiones
450 2421 1185 2485 concernientes a la circulación atmosférica.
519 2465 1343 2530 Aunque esto ofrece grandes dificultades, este
450 2510 1337 2578 sabio francés ha logrado presentar en la Sorbona
450 2558 1337 2623 a un gran número de profesores y de sabios, sus
453 2603 1092 2665 experimentos aún no perfeccionados.
525 2641 1343 2709 Ha presentado dos cartas meteorológicas, ya¬
447 2689 1340 2754 filmadas, una concerniente a Europa, y otra a
447 2734 1349 2802 América, en las cuales se muestran las depresiones
447 2785 1346 2850 que sufren las corrientes aéreas, siguiendo una
456 2833 1349 2897 trayectoria, al norte y sur del paralelo 60º, y así
453 2874 1346 2942 también al sur de los 30º, como si la atmósfera
456 2922 1343 2996 pareciera tener una especie de respiración debajo
456 2985 710 3038 de esa región.
1471 952 2283 1017 Estos fenómenos siguen una ley de periodici¬
1397 1002 2295 1064 dad bastante visible, y al parecer en relación con
1397 1059 1716 1112 los vientos alisios.
1468 1095 2298 1157 Es ésta una gran conquista de la ciencia, que
1391 1146 2295 1202 cada día va descubriendo nuevos secretos de la
1397 1188 2292 1249 naturaleza, para bien del hombre y ayuda de su
1400 1244 1776 1306 progreso en la tierra.
1477 1280 2286 1345 ¿Poseerá el hombre algún día todos los admi¬
1400 1328 2289 1393 rables arcanos de esa Naturaleza que nos abisma
1400 1382 2083 1441 con su grandeza y potencialidad?......
1519 1471 2191 1536 Lluvia de Cenizas en los Estados Unidos
1477 1570 2295 1632 El 9 de marzo de 1918 se observó una lluvia
1406 1620 2295 1676 de cenizas en Ihowa, Wisconsin y Michigan, y
1412 1662 2295 1727 aún hacia el este alcanzaron a Vermont, cubriendo
1403 1710 2209 1772 una superficie de más de 250,009 kilómetros.
1489 1755 2298 1817 Se cree que han caído cuando menos un mi¬
1409 1803 2292 1867 llón de toneladas de materias orgánicas e inorgá¬
1412 1862 1519 1915 nicas.
1480 1892 2301 1957 Las partículas estaban compuestas de subs¬
1409 1946 2301 2005 tancias inorgánicas, entre ellas feldespato, quarzo,
1409 1988 2304 2053 ópalo, limonita, y también briznas de tejidos ve¬
1409 2050 1558 2100 getales.
1495 2089 2301 2142 Se cree que este polvo provenía de Arizona y
1418 2131 2301 2190 New Mexico, donde existen grandes extensiones
1418 2176 2301 2238 de rocas feldespáticas silicosas, y que por erosión
1415 2229 2298 2285 fué elevado este polvo por las corrientes aéreas, y
1424 2271 2304 2336 por las tempestades de esa época, trasportado ha¬
1424 2316 2301 2378 cia el noroeste, y precipitado por la nieve que ha¬
1427 2361 2307 2426 bía al norte de esas regiones. Este fenómeno ha
1421 2406 2310 2474 prestado ayuda para determinar la dirección de al¬
1421 2459 2310 2524 gunas corrientes atmosféricas de esas localidades.
1713 2567 2045 2617 La Palma de Cera
1585 2653 2301 2712 (Carnahuba-Corypha o Copernica cerifera)
1498 2710 2310 2772 Las palmas del género Corypha son muy no¬
1427 2761 2316 2823 tables. La Corypha taliera de Bengala tiene la
1436 2806 2316 2874 particularidad que en sus hojas se puede escribir.
1513 2862 2316 2921 Talipot-Corypha umbraculifera de Ceylan es
1433 2910 2319 2969 una hermosa palma cuyas hojas están dispuestas
1436 2955 2316 3017 en forma de un inmenso quitasol de treinta metros
1030 3167 1459 3223 Ayuntamiento de Madrid
