2479 3508
859 468 1400 521 HERALDO DE LA MUJER.
238 567 1089 620 de circunferencia, y de su cohollo se hace pan.
241 608 1092 664 En Mayagüez, en la Estación de Agricultura, he¬
247 653 1098 709 mos visto una soberbia palma de este género, que
244 701 919 751 aquí se produce como en India y África.
310 743 1095 796 La Carnahuba, es una maravillosa palma del
244 790 1089 840 Brasil, que debla ser aclimatada en Puerto Rico
244 832 1092 888 por su gran utilidad, y cuya adquisición sería un
244 874 1092 927 manantial de riquezas para el país donde pudiera
244 919 1083 972 aclimatarse. Este árbol crece espontáneo en Cea¬
247 958 1089 1008 ra, Rio Grande del Norte, y Balisa. Resiste la
244 1002 1089 1055 Sequedad más persistente, sin perder su hermo¬
247 1047 1089 1100 so verdor y exuberante frondosidad. Sus raíces
247 1089 1092 1148 gozan de las mismas virtudes medicinales que la
244 1134 1089 1187 zarzaparrilla, y del tronco, no solo se obtienen fi¬
253 1182 1098 1235 bras sumamente tenaces y de sorprendente brillo,
253 1220 1095 1276 sino también excelente madera. Cuando el árbol
247 1265 1092 1321 es jóven, produce alimento abundante y sano, así
250 1313 1101 1366 como también vino, vinagre, una substancia saca¬
250 1358 1098 1408 rina y una especie de goma parecida al sagú por
250 1397 665 1455 su sabor y propiedades.
316 1444 1089 1497 Este árbol presta, durante las excesivas se¬
253 1489 1101 1545 quías en aquellos climas, inmensos servicios a las
250 1534 1098 1590 poblaciones de Ceara y Rio Grande del Norte.
250 1576 1098 1632 Con su madera se construyen instrumentos de mú¬
250 1623 1092 1673 sica y tubos o cañerías para las aguas. La pulpa
250 1665 1101 1721 de su fruta es de un gusto excelente, y la nuez que
253 1710 1101 1766 contiene, no solo es aceitosa, sino emulsiva; si se
250 1755 1098 1808 le tuesta y muele, resulta una especie de café su¬
253 1800 1095 1853 mamente agradable. Del tronco también se ex¬
250 1847 1098 1897 trae una harina parecida a la del maiz americano
256 1886 1095 1942 (maizena) y un líquido igual al del cocotero de
253 1934 1101 1987 Bahía. Con la paja de sus hojas se fabrican esteras,
253 1979 1095 2032 sombreros, cestas y escobas, y de ellas se expor¬
253 2023 1092 2073 tan todos los años para Europa grandes cantida¬
250 2065 1092 2118 des para fabricar magníficos sombreros, su valor y
250 2113 1104 2163 el de los sombreros y otros artículos fabricados
259 2155 1092 2211 con dicha paja, llega a importar 116,500 libras es¬
256 2203 519 2253 terlinas al año.
331 2253 1104 2303 También se extrae de tan aprovechable árbol
259 2298 1098 2348 una cera que se emplea en la fabricación de velas.
609 2412 752 2462 Bogotá.
507 2498 853 2551 PRECIO DEL PLATINO.
337 2588 1113 2641 Colombia, que es el único país del mundo que
256 2630 1107 2683 tiene verdadero mercado de platino, as como la
256 2677 1107 2730 casi exclusiva producción de las esmeradas,
256 2722 1107 2772 obtiene en la actualidad importantes ingresos por
262 2767 1101 2817 la venta de aquel metal. Una vez cerrado el mer¬
262 2809 1107 2862 cado ruso, el platino ha subido mucho sus precios,
262 2853 1104 2903 al punto de que hoy se pagan quinientos dólares
262 2904 459 2954 por la onza.
1477 564 1725 617 EL PATO
1241 638 2021 691 Es un animal extraordinariamente refractario
1164 680 1456 730 a la tuberculosis.
1250 716 2024 769 Con sus sueros se hacen grandes experimentos
1170 755 1394 805 actualmente.
1227 820 1964 876 El cadáver de la Condesa de París
1170 916 2018 966 LLEGADA A SEVILLA.—SALIDA PARA GIBRALTAR.
1259 964 2021 1014 Sevilla.—En tren especial llegó a ésta
1176 1002 2021 1055 el cadáver de la condesa de París, acom¬
1182 1050 2030 1103 pañado por el infante D. Carlos duque de
1185 1092 2027 1145 Montpensier y príncipe Amadeo de
1176 1143 1343 1196 Saboya.
1274 1185 2027 1238 En la estación esperaban la llegada
1179 1229 2021 1282 del fúnebre convoy las autoridades civiles,
1179 1271 1656 1324 militares y eclesiásticas.
1265 1319 2018 1369 Las tropas, que cubrieron la carrera,
1176 1358 2015 1414 rindieron al cadaver los honores de infan¬
1179 1405 2024 1458 ta de España. El féretro fué conducido
1179 1447 2027 1503 desde la estación en un armón de artillería
1182 1489 2024 1551 y sobre él se colocaron, arrolladas, las ban¬
1176 1540 1701 1593 deras francesa y española.
1268 1579 2021 1638 A bordo del cañonero "María de Mo¬
1182 1623 2027 1679 lina", fué conducido el cadaver de la con¬
1176 1671 1686 1724 desa de París a Gibraltar.
1274 1716 2030 1769 Un enorme gentío presenció el paso
1176 1761 1564 1814 del fúnebre cortejo.
1424 1859 1797 1909 PLUMAZO
1265 1949 2027 2005 Se están exhibiendo en revistas fla¬
1185 2000 1961 2050 mantes, unos escritores muy originales.
1283 2041 1704 2094 ¡Y como se expresan!
1274 2086 2030 2136 Sin cabeza ni pies, sin pies ni cabeza.
1277 2131 2036 2184 Tutti revolutum y sin hilación, es un
1182 2173 1937 2226 maremagum de......... erudición.
1274 2218 2024 2271 Con frases exóticas matiza el two-steps,
1188 2262 2027 2315 y dando saltitos, y vuelve otra vez, a lo
1182 2307 2030 2360 que dejara, sin tino después, lo arroja, lo
1182 2352 2024 2405 tira, lo vuelve a coger, jugando cual niños,
1191 2397 2030 2450 nos tiene, ya ves, leyendo bobadas con
1188 2441 1477 2491 mucho interés.
1280 2486 2027 2539 Pues gracia.... la tiene; negarlo ¿por
1182 2528 2036 2581 qué? el arte moderno que bella mujer ha
1194 2567 2033 2629 puesto en la liza, y que viene adquiriendo
1194 2618 2033 2674 prestigio, siquier, por lo raro y nuevo su
1188 2659 2039 2712 modo de ver. Bellos disparates con gracia
1194 2707 2033 2757 y con chic, valen más a veces que sabio.
1191 2752 1298 2805 decir.
1280 2797 2042 2850 Bien lo dijo Esopo, preciso es reir: el
1185 2842 1755 2894 arco tirante no puede existir.
1761 2892 1952 2942 LOTYS.
1038 3083 1456 3136 Ayuntamiento de Madrid
