2479 3508
1059 432 1630 503 HERALDO DE LA MUJER..
1259 602 1913 673 TuCIO ICIA
734 626 1215 691 La Cia
471 781 1283 855 ¿Por qué no ha de tener nuestra novela fisono¬
397 832 1286 906 mía especial, que la distinga de la francesa, de la
394 880 1173 951 inglesa y aún de la genuinamente española?
480 937 1283 1014 Si la novela de un país ha de relatar con fide¬
400 985 1283 1058 lidad la vida intima, el modo de ser de sus habi¬
409 1041 1116 1109 tantes, y aún sus aspiraciones e ideales.
477 1095 1286 1166 ¿Por qué la novela puertorriqueña ha de per¬
406 1143 1295 1214 tenecer a determinada escuela literaria, o ha de ser
412 1191 1298 1261 una mera imitación de la francesa, de la inglesa o
409 1232 1298 1309 de la rusa? ¿acaso nuestra vida y nuestras cos¬
414 1286 1167 1357 tumbres se parecen a las de esas naciones?
498 1352 1304 1417 Creemos nosotros que la novela, ante todo,
414 1391 1301 1464 debe ser escrita con verdad y no por esto defende¬
420 1441 1310 1515 mos en absoluto la escuela naturalista moderna:
417 1483 1304 1563 porque tenemos la convicción intima de que a la
420 1531 1307 1608 que se le da ese nombre no es de todo verdadera.
423 1579 1233 1650 como no es en absoluto talso el romanticismo.
504 1644 1310 1709 Tenemos costumbre de observar mucho, y
423 1683 1313 1757 más de una vez nos hemos convencido, de que la
423 1734 1313 1805 realidad, en muelas ocasiones, sobrepia las más
423 1782 1316 1853 inverosiniles concenciones románticas. y nunca
426 1823 1313 1894 hemos encontrado al menos en nuestras costum¬
432 1871 1322 1945 bres y modo de ser ese realismo descarnado que
432 1916 1319 1993 nos presenta la escuela francesa, como si el hom¬
429 1967 1328 2038 bre fuera solo un conjunto de cieno amasado con
438 2032 612 2085 lágrimas.
516 2065 1322 2133 Pues siempre en el fondo del pantano de to¬
435 2113 1325 2184 las las miserias sociales, hemos visto bailar un
435 2161 1331 2229 destello del alma humana, de esa causa primera de
441 2206 1331 2276 nuestra existencia que nos hace buscar el infinito.
513 2256 1331 2330 Por eso no consideramos verdadera una narra¬
444 2304 1325 2378 ción en que faltando a la realidad se pinte al hom¬
447 2355 1334 2423 bre como bestia humana solamente, o se le quiera
441 2403 1334 2474 hacer aparecer como un ser completamente puro,
450 2450 1343 2524 incapaz de ser juguete de sus pasiones y de las
450 2507 862 2566 miserias que le rodean.
525 2558 1349 2626 No, el hombre, lo mismo en Puerto Rico que
453 2606 1343 2674 en París o en New Yont, ni es tan malo ni es tan
453 2668 579 2721 bueno.
534 2704 1346 2775 Puede haber como es natural, unos mejores
459 2755 1346 2823 que otros, pero hombres al fin, susceptibles de te¬
453 2803 1352 2874 ner momentos de debilidad, de desaliento, de error
462 2850 1355 2921 como también de heroísmo, de grandeza y de todo
462 2910 800 2969 lo noble y elevado.
537 2949 1352 3020 Tratar de falsear el carácter general de la ra¬
453 2994 1352 3068 za, es incurrir en un crimen de lesa verdad, y se¬
1367 749 2269 831 pararse de las tendencias modernas que nos llevan
1367 796 2269 876 a copiar la naturaleza tal cual ella es, lo mismo
1376 844 2269 924 con el pincel del artista que con la pluma del
1376 916 1528 969 escritor.
1453 952 2274 1029 Por eso los autores puertorriqueños al propo¬
1373 999 2271 1076 nerse dar impulso a ese género literario tan bello.
1382 1047 2271 1127 tan completo y tan útil, que eleva e instruye, que
1382 1095 2269 1169 inspira y hace concebir grandes ideales a una so¬
1379 1143 2274 1217 ciedad que expone las aspiraciones políticas, su
1379 1185 2274 1261 amor al progreso, sus tendencias morales y su es¬
1388 1229 2274 1312 tado de cultura, deben desentenderse de toda in¬
1388 1280 2280 1357 fluencia exterior, y escribir, pintar libremente nues¬
1391 1328 2283 1399 tras costumbres y nuestra esplendida naturaleza.
1391 1376 2283 1447 ropical, atendiendo el a las regias del arte, y a la
1391 1417 2289 1497 realización de la bellera, que es el fin que debe
1400 1465 2277 1545 proponerse todo literato como también a la esposi¬
1391 1513 2286 1587 ción de la verdada ya senalar las lagas sociales
1400 1549 2283 1629 que corroer nuestro organismo, al gual que con¬
1394 1608 1913 1673 re a cada pueblo del planera
1480 1668 2292 1739 Esto es lo regional que creemos debe de tener
1397 1716 2289 1790 nuestra novela, no pintando las sandeces de nues¬
1397 1761 2295 1835 tras personas ineducadas, pues eso nada enseña:
1406 1812 2298 1882 sino lo genialmente nuestro, siempre que envuelva
1406 1850 2289 1930 alguna aspiración un progreso positivo, una vi¬
1412 1901 2295 1978 tus digna de imitar, o un vicio que deba corregirse.
1415 1946 2289 2020 Estos quizás no tenga esito de momento, pues es cos¬
1409 1994 2304 2068 tumbre nuestra, como latinos al fin el no encontrar
1415 2038 2301 2115 bueno, sino lo que viene de fuera, pero la posteri¬
1415 2086 2301 2160 dad nos hará usticia, cuando no vengan los extran
1415 2134 2298 2211 jeros, como sucede casi siempre a hacernosa com¬
1412 2203 1519 2259 pleta.
1492 2244 2307 2315 Por fortuna los poquísimos escritores que han
1418 2292 2307 2360 niciado el resurgimiento de la novela en Puerto
1424 2337 2304 2408 Rico, no viven de su pluma así es que bien pue¬
1421 2382 2307 2453 den arresgar, por amor al arte, y al progreso de
1421 2427 2307 2500 la literatura resional, el no ser entendidos por el
1421 2480 2167 2551 pronto, el no hacer negocio con sus obras.
1504 2531 2316 2599 Sólo de ese modo podría desarrollarse en su
1430 2573 2310 2650 día la novela puertorriqueña con todos los idealis¬
1427 2627 2316 2694 mos, virtudes, delectos y errores de nuestra raza;
1436 2665 2313 2739 con toda la esplendidez de esta naturaleza privi¬
1433 2719 2322 2784 desiada, que dió sonrisas eternas a nuestro cielo,
1436 2761 2322 2835 dores, perfumes y verdor inestinguible a nuestro
1436 2812 2328 2880 suelo, y murmullos de amor al inmenso mar que
1433 2862 1979 2924 nos rodea y acaricia sin cesar.
1854 2973 2242 3026 Ana Roqué de Duprey.
1027 3170 1462 3220 Ayuntamiento de Madrid
