2479 3508
859 435 1418 494 HERALDO DE LA MUJER.
640 570 1668 634 SOCIAL
283 752 889 814 A.—BENEFICIO DE LOS POBRES:
322 793 1095 855 La Junta de Damas de San Vicente de
244 844 1098 903 Paul de Catedral, celebra un certamen de
241 883 1089 948 simpatías a beneficio de los pobres, ven¬
241 931 1089 996 diéndose los cupones en los mejores comer¬
238 985 591 1037 cios de San Juan.
238 1029 498 1085 A—ZAHARES.
328 1065 1098 1127 Se han unido en indisoluble lazo la se¬
244 1110 1101 1172 ñorita Ana Matilde Gonzalez Cuya¬
256 1161 1110 1223 y el joven señor Manuel del Vale Bu¬
247 1211 564 1264 so. Felicidad.
337 1247 1098 1303 Pronto unirán sus destinos en Baya¬
250 1295 1104 1351 món, la bella señorita Lolita Roqué Cepero
256 1334 1104 1396 y don Manuel R. Hostos. Que vean rea¬
256 1388 623 1444 lizados sus deseos.
343 1429 1107 1485 En Mayaguez se realizó la boda de la
250 1474 1110 1530 señorita Adela Astol y el señor Rodulto
256 1516 1101 1578 Guutier, estimados amigos a quienes de¬
259 1564 952 1620 seamos todo género de felicidades.
256 1617 570 1667 CONDENCIA
349 1656 1116 1712 Recibala la señora Teresita Mangual
256 1695 1116 1760 de estero, por la sentida muerte de su
262 1746 1107 1805 hermana señora América y da, de Dirlez.
265 1791 767 1847 CADALLEROS DE CONON.
355 1835 1119 1894 Han establecido una agencia de em¬
268 1880 1122 1936 pleos en San Juan, para los licenciados del
262 1934 588 1984 servicio militar.
268 1976 731 2029 CON ropa FELICIDAD.
352 2015 1125 2070 Han llegado de los Estados Unidos el
274 2062 1125 2115 señor Gonzalez Padín y familia. Nuestra
274 2113 540 2163 enhorabuena.
274 2155 743 2211 CINE EN RIO PIEDRAS
352 2194 1125 2253 El señor Piñero ha traído de los Esta¬
274 2241 1128 2297 dos Unidos todo lo necesario para montar
277 2289 910 2342 un nuevo cine en esta población.
283 2337 615 2390 CASA Presión.
367 2376 1050 2432 Exclusivamente para señoritas,
286 2421 1131 2480 Rio Piedras, es muy recomendable la de la
286 2468 988 2524 señora América Astol de Fulladosa.
283 2516 629 2572 DE ORCASAS.
367 2558 1143 2614 Acaba de fallecer en Rio Piedras, este
280 2603 1131 2662 notable galeno, Nuestro pésame a sus fa¬
289 2653 456 2706 miliares.
286 2698 620 2751 EN EL BRAZOS.
376 2734 1143 2793 Embarcaron en viaje de recreo la se¬
283 2779 1146 2838 ñora Amalia Valdejuli Duprey y su esposo
289 2827 1152 2883 señor Dávila. Solo estarán en los Estados
295 2874 800 2933 Unidos dos o tres meses.
1268 731 2036 793 También embarcó el señor Barceló y
1176 781 2033 843 el Sr. Tous Soto. Que tengan un viaje
1182 826 1994 897 y feliz exito en sus gestiones patrióticas.
1188 880 1507 930 FELICITACION.
1265 913 2036 975 La damos al señor losé Manuel Pérez
1179 955 2036 1020 de lumacao, por el buen éxito que ha te¬
1182 1005 2039 1067 nido como era de esperarse, en la causa
1191 1062 1558 1112 que se le le seguía.
1191 1107 1534 1160 NUEVO TEATO.
1280 1140 2042 1205 A iniciativas del señor Tomás Otero,
1194 1188 2048 1246 se provecta construir otro buen teatro en
1191 1238 1868 1294 Humacao, a prueba de incendios.
1277 1283 1719 1342 Que cristalice la idea,
1191 1322 2006 1384 NUESTRAS SUTRACISTAS EN NEN YORR.
1287 1364 2048 1425 Nos escriben de la gran urbe ameri¬
1188 1408 2048 1470 cana. Carlotita Matienzo e Isabel de Agui¬
1197 1456 2051 1518 lar, quienes representan respectivamente la
1212 1495 2042 1554 Liga Feminista de Ponce y la Liga Fe¬
1188 1543 2048 1608 minea Puertorriqueña, no han podido em¬
1206 1591 2051 1655 pezar aun aquí sus trabajos sufragistas,
1203 1635 2054 1703 porque están muy ocupadas estudiando un
1203 1680 2054 1742 curso corto de verano de Literatura Espa¬
1197 1728 2060 1787 ñola Contemporánea, que está explicando
1203 1770 2063 1835 en Columbia Universito, la talentosa e
1200 1814 2054 1879 ilustrada señorita Maria de Maeztu, Docto¬
1212 1859 2063 1921 ra en Filosofía y Letras, hermana del gran
1206 1904 2054 1966 literato. Esta literatura comprende el es¬
1209 1949 2063 2014 tudio y crítica de las obras de autores es¬
1215 1991 2063 2062 pañoles que han brillado después de la gue¬
1209 2038 2054 2106 rra de 150, como Lopez de Avala, Mar¬
1206 2089 2063 2148 quina, hermanos Quintero, Valle inclan,
1833 2134 2063 2187 Villaespesa,
1218 2134 1806 2190 Benavente, Rueda, Baroja,
1212 2185 1394 2238 eto, eto,
1212 2221 2024 2285 —PINION VALIOSA DE ON REPOBLICANO.
1331 2268 2074 2327 Admiro sus gestiones en pro de esa
1215 2313 2068 2372 causa de la que es usted un campeón nos
1218 2361 2074 2417 escribe un eminente republicano, y añade:
1221 2397 2071 2453 esa es una prueba más de una idea algo
1221 2447 2074 2509 rara que yo tengo, y es que las mujeres de
1218 2492 2068 2554 de Puerto Rico son mejores que los hom¬
1227 2534 2074 2599 bres, en virtud, quizás, de recibir una edu¬
1224 2582 2083 2644 cación más cuidadosa, hasta tal punto, de
1227 2627 2077 2691 que las puertorriqueñas casi parecen de
1218 2674 2080 2733 una raza distinta a la de los puertorriqueños.
1346 2719 2086 2775 Como la capacidad para el gobierno
1230 2761 2080 2823 propio no depende de la instrucción ni de
1224 2806 2086 2871 la mayor o menor agudeza intelectual, sino
1227 2850 2086 2915 del carácter, yo creo que nuestras mujeres
1032 3101 1459 3154 Ayuntamiento de Madrid
