2479 3508
1044 462 1588 515 HERALDO DE LA MUJER.
382 567 1268 620 estén más preparadas que nosotros para el
394 611 1274 664 día en que rijamos en absoluto nuestros
397 656 1268 715 propios destinos. Por eso no me asusta
388 707 1149 757 el que se les de el voto á las mujeres,
400 773 668 829 REFERENDUN.
483 844 1271 894 Si fuese cierto que se lleve á cabo el
400 898 1268 948 plebiscito en nuestra isla, para determinar
391 949 1265 1002 nuestro status político, pensarán hacerlo
391 1005 1274 1055 sin contar con la mujer Entónces podría
394 1056 1268 1109 llamarse remilebascito, y sólo sería la opi¬
394 1104 812 1154 nión de medio país.
492 1161 1265 1223 Que no se tome nuestra opinión, y ve¬
391 1211 1262 1261 remos el desaguisado que saldrá de ahí¬
394 1259 826 1312 Al tiempo.....
492 1319 1268 1369 Debe confiarse en la opinión sensata
394 1367 958 1420 de la mujer puertorriqueña.
397 1444 594 1500 REGRESO.
489 1516 1268 1566 Han regresado de Estados Unidos las
397 1561 1107 1611 señoritas Meléndez. Bienvenidas.
397 1605 764 1661 —ESTABLECIDOS.
483 1665 1274 1718 Lo están ya el señor Giorgetti y la se-
1352 561 2236 614 ñora de Huyke, de la indisposición que les
1349 611 1543 661 aquejara.
1444 656 1773 706 Lo celebramos.
1358 707 1692 763 REPRODUCIDO.
1447 761 2230 814 El importante periódico "La Crítica"
1349 808 2242 858 de Lima, reproduce el artículo "Todo el
1349 856 2227 906 mundo despuerta, escrito por nuestra di¬
1352 901 2239 954 rectora señora Ana Roqué, y publicado en
1355 943 2233 996 este periódico, Agradecemos la deferen¬
1355 993 1430 1043 cia.
1367 1050 1677 1109 —CE NUOVA.
1444 1107 2233 1157 Hemos recibido este semanario femi¬
1358 1152 2227 1205 nista que se publica en Mián (Italia). De¬
1361 1202 1895 1252 jamos establecido el canje.
1367 1253 1925 1312 VALIOSO DESCUBRIMIENTO.
1453 1313 2239 1369 Lo es sin duda el poder estirpar el
1355 1361 1782 1411 Matizado de la caña.
1444 1405 2185 1458 Felicitamos al señor del Valle feno.
1424 1468 1928 1521 ALEN NUESTRAS MUJERES.
1447 1519 2230 1572 También falicitamos á la señorita Ma¬
1349 1564 2230 1623 ría Vilarini, por el triunfo obtenido en su
1355 1611 1668 1664 último exámen.
1719 1668 2191 1721 Margarita del Prado.
1032 1868 1606 1921 Nuestras Tiendas
477 2015 1283 2068 Todas las señoras y señoritas que visitan á
394 2062 1271 2112 San Juan se encuentran atradas y sugestionadas
403 2110 937 2163 por nuestras hermosas tiendas.
474 2152 1274 2202 El arte y el buen gusto acumula en ellas los
394 2200 1274 2250 mil objetos que inventa la civilización y que nos
403 2247 1032 2297 ya enviando la gran urbe americana.
474 2289 1274 2342 Es el París Bazar, uno de esos emporios de
394 2334 1271 2387 la moda en donde lo elegante y lo chi hace compe¬
400 2382 1092 2435 tencia con lo rico y de excelente calidad.
471 2435 1280 2485 Allí se encuentra el surtido más completo de
397 2483 1277 2533 telas de seda Georgete lisos y estampados. Tules
397 2528 1277 2578 de seda y algodón. Adornos variadísimos y de un
394 2576 1274 2629 gusto exquisito para trajes. Encajes primerosos,
397 2621 970 2671 Cintas, Bordados, Organdis, ete.
1433 2009 2242 2070 onzález Padín como siempre, hace de su
1361 2059 2230 2115 establecimientos, ricos maseos en donde se encuen¬
1361 2101 1943 2151 tra todo nuevo, bello y Flamante.
1433 2146 2239 2199 En el bazar de ¿P. Schiras, encontrarán nues¬
1355 2191 2236 2247 tras bellas, y también los feos magnífica rora he¬
1358 2235 2236 2291 cha, para todos los casos, y a precios de situción.
1433 2283 2239 2339 Las aficionadas al arte de Euterne, pueden
1355 2328 2233 2384 hallar en casa de Sanchez Morales, magnificos
1364 2379 2239 2432 pianos, tan buenos y acreditados como los que
1361 2418 1776 2474 vende Teodoro Aguilar.
1436 2474 2242 2527 Y por último, recomendamos a todas las ellas
1352 2522 2236 2575 los maravillosos productos felita, si quieren os¬
1358 2570 2239 2623 tentar en su cutis, la frescura de la rosa, y la
1358 2618 2152 2668 aterciopelada y pura suavidad de la gardenia,
441 2713 1244 2766 Torrefacción de Café Movida electricamente
1465 2728 2128 2778 Francisco González Fagundo
1427 2812 1668 2865 ABOGADO
1433 2874 1668 2927 Teléfono 32.
1433 2973 1618 3029 Humacao,
919 2809 1271 2862 F. Isern—Manager.
388 2812 689 2865 E. Isern-Prop.
516 2868 1164 2918 Café tostado y Molido á todas horas.
632 2916 1053 2969 Depósito: Calle Nueya
973 2970 1203 3026 Puerto Rico.
474 2973 659 3029 Humacao,
1021 3149 1459 3199 Ayuntamiento de Madrid
