2479 3508
812 480 1364 548 HERALDO DE LA MUJER.
835 620 1379 682 JOSE
280 767 1062 840 —Señora, señora, entró gritando la sirvienta
203 826 746 888 despavorida, nos arropa el mar.
283 856 1056 933 En ese instante fué Aurora al tocador a bus¬
203 904 1065 978 car un objeto, y una ola gigantesca cayó sobre el
203 946 1056 1023 edificio, quebró los aldabones de hiero, del grue¬
206 987 1065 1070 so casi del brazo de un niño y arrojó a aurora con¬
211 1035 1065 1118 tra el tocador, la cual se hubiera ahogado, si en
211 1077 1068 1163 ese instante no acertara a llegar á la puerta que
208 1128 1062 1205 daba a la sala, don Sebastian, y como era alto y
208 1167 1065 1249 fornido, agaró a la jóven que boca abajo se deba¬
214 1217 1068 1297 tía con el agua que ya subia metro y medio dentro
214 1286 406 1342 de la casa.
286 1301 1071 1381 In continenti, tomó los niños y los colocó so¬
214 1349 1074 1429 bre la mesa del comedor, y ayudando a Belén y a
223 1394 1083 1476 aurora á subir á unas altas rinconeras, adheridas
220 1441 1083 1518 a la pared, les fué dando los niños suyos y los
223 1486 1080 1569 que pudieron acomodarse de la gente pobre de los
223 1531 1083 1608 contornos, que, como una ayalancha penetraba en
226 1573 1083 1655 la Aduana buscando abrigo y pidiendo miseri¬
232 1647 352 1703 cordia.
298 1671 1083 1751 Pero todo estaba ya inundado, y el agua les
229 1740 480 1796 daba al pecho.
304 1764 1092 1844 Los muebles de la casa flotaban destrozados
226 1809 1083 1888 en las amplias habitaciones. El tocador, ropero y
232 1853 1092 1933 demás, esparcían la ropa y las joyas, que nadie
235 1922 552 1978 cuidaba de salvar.
349 1943 1095 2020 Que se pierda todo, con tal que salvemos la
241 1985 1089 2068 vida decia don Sebastian sereno y valeroso, Pe¬
241 2032 1086 2115 ro las mujeres dieron un grito de horror. Un ca¬
238 2083 922 2160 dáver pasaba por delante de las puertas.
334 2140 582 2202 ¿Quién será?
764 2164 1101 2229 No pudieron cono¬
343 2188 653 2247 Es un hombre..
238 2247 346 2297 cerlo.
325 2280 603 2336 —Otro cadáver.
328 2301 1107 2384 —Una mujer, Siña luana, la pastelera grita¬
241 2361 737 2432 ban en el colmo del espanto.
322 2391 1110 2474 La pobre viejita muerta con su pañuelito ama¬
250 2438 1107 2521 rado en la cabeza, pasaba por delante de sus
250 2522 340 2572 ojos.
334 2534 1107 2620 Las mujeres se cubrían la cara para no ver
253 2609 480 2671 tanto horror.
334 2624 1113 2709 Entónces, el botero Simón, mestizo de muscu¬
256 2671 1116 2757 latura hercilea, se subió sobre el alféizar de una
265 2716 1116 2805 ventana, y con voz fuerte y llena de unción, ento¬
256 2782 629 2850 no el canto religioso
334 2815 1122 2897 Santo Dios, Santo Fuerte, Santo Inmortal, li¬
265 2880 788 2948 branos y eñor de todo mal.
343 2916 1122 2996 Toda aquella multitud, sobrecogida de espan-
268 2964 1125 3044 to, tiritando de fro y levantando sus hijos en alto,
1146 728 1997 814 para que no se ahogasen, entonaban el canto reli¬
1143 776 2000 858 gioso como una salmodia suprema, como el adios
1140 826 1952 900 a la vida que crean próxima a perder.
1218 877 1767 939 ¡Qué imponente era esta escena
1215 907 2003 987 El temporal en todo su apogeo bramaba se¬
1146 961 2012 1035 mejando los rugidos de las bestias apocalipticas,
1155 999 2009 1079 de los demonios de un horrible infierno, Y el mar¬
1152 1047 2015 1124 azotaba con sus olas enfrecidas, hasta el plafón¬
1155 1089 2009 1172 del techo, mientras la lluvia con impeta terrible
1158 1140 1901 1220 penetraba por puertas y ventanas.
1158 1182 2003 1261 ........................................................
1233 1229 2009 1303 Santo Dios, Santo Puerte, Santo amortal.
1158 1274 1979 1348 repetían las vocecitas de los niños atemorizados.
1230 1313 2018 1393 Pasaron varias horas y aquella gente desfalle¬
1164 1361 2012 1438 cida, casi exánime, vió con alegría que el mar co¬
1158 1399 2024 1476 saba de subir, y que el viento soplaba con menos
1164 1471 1289 1521 fuerza.
1241 1489 2021 1563 —¡Alabado sea Dios! El tiempo amaina, y to¬
1167 1543 1803 1611 dos a una, entonaron la Salve Regina.
1241 1582 2027 1655 El viento era cada yez menos violento, y el
1173 1620 2033 1703 mar empezó a bajar rápidamente, tanto, que en
1164 1662 2027 1745 menos de una hora, casi estaba en su antigno le¬
1170 1740 1250 1793 cho.
1247 1758 2042 1835 Cada familia salió en busca de su hogar; pero
1173 1803 2030 1879 no había quedado en pie en el poblado, nada más
1179 1859 1737 1930 que la Aduana que era de piedra,
1256 1889 2039 1969 Cerca del mar, y aún batida por las olas, se
1176 1937 2036 2014 vejan los escombros de la casa de don Pepe el
1179 2009 1277 2062 Cojo.
1250 2026 2042 2103 El techo era de tejas, y sobre él, sentadito en
1176 2086 1725 2151 la cumblera estaba el niño losé.
1262 2113 2045 2193 Mira al niñito de don Pependieron varias
1185 2158 2045 2247 personas que andaban recorriendo los escombros
1188 2203 2033 2285 de las casas cadas, y reconociendo los inumera
1194 2259 1794 2330 bles cadaveres aplastados por ellas.
1271 2292 2045 2372 —Hola, Josél Como estás aquí? Le inte¬
1188 2343 2051 2420 rrogó Surez, al mismo tiempo que subía por las
1191 2406 1567 2468 tejas para alcanzarlo.
1265 2430 2057 2506 Alma mía......si está sequecitol decía
1194 2486 1779 2560 palpándole las ropitas una vecina.
1274 2525 1979 2599 —¿Y papá? y mamá? preguntó el niño.
1277 2570 1949 2641 ¡Cómo no estabas tú con tus papas?
1277 2618 1928 2686 No, yo estoy solito, la mujer se fué,
1280 2671 1537 2730 ¿Qué mujer
1286 2710 1868 2778 —La que me cuido toda la noche,
1280 2758 1680 2820 Y qué mujer es ésa
1289 2785 2068 2865 —Ella me dijo que se llamaba PROVIDEN-
1209 2862 1292 2915 CIA.
1286 2880 2074 2960 Al ver al niño salvado en el techo de una casa
1212 2925 2080 3008 caida, fué aglomerándose la gente, y la admiración
1872 462 1921 492 17
1035 3101 1459 3154 Ayuntamiento de Madrid
