2479 3508
1074 450 1624 506 HERALDO DE LA MUJER.
409 537 1292 602 subía de punto, al ver sus ropas secas, después de
414 584 829 640 aquel terrible temporal.
504 626 1283 691 —Esplicate, nene, dijo Marrero acercándose,
406 674 1038 736 ¿Quién te subió ahí, donde estabas
483 722 1280 781 No sé una mujer estaba a mi lado, y cuan¬
406 764 1280 829 do venía el viento y la lluvia, ella se me ponía de¬
409 811 1277 873 lante, y me envolvia en su vestido. Pero yo quie¬
406 853 671 912 ro ver a mamá.
477 898 1289 966 —Ese es un milagro—decía Marta, la vecina¬
406 946 1274 1011 de don Pepe. Yo creo que esa mujer era la
406 987 597 1049 Virgen...
492 1038 1000 1100 —¿Cómo era esa mujer, José?
489 1083 1280 1151 Tenía manto y corona preguntó una
397 1131 501 1184 joven.
477 1179 1280 1241 —No, estaba vestida de blanco, y yo no le ví
403 1226 623 1285 bien la cara.
471 1277 1271 1339 En eso Suárez, Marrero y otros vecinos, re¬
394 1319 1274 1387 moviendo los escombros de la casa, encontraron
397 1370 1080 1432 los cadaveres de don Pepe y su esposa,
471 1414 1271 1473 El niño, al ver á sus padres muertos, sufrió
391 1456 1268 1527 una terrible conmoción, y los besaba y llamaba,
394 1504 1104 1569 sin comprender aún lo que era la muerte,
1447 552 2251 611 Todas las mujeres vecinas le rodearon, y una
1370 596 1928 655 encontró la muleta de don Pepe.
1444 650 2245 709 —¡Ah! dijo losé—yo quiero la muleta de papá¬
1450 704 2248 760 Se acercaba la noche, y una mujer compasiya
1364 749 2248 808 se llevó al niño para darle unas galletas mojadas
1370 793 2248 852 con agua salada, que era todo el alimento que se
1367 841 1776 897 había podido conseguir.
1439 895 2242 951 Mas después, el barrio entero acompañó en
1361 940 2251 996 procesión al niño con la muleta de su padre, el
1361 987 2251 1043 cual referia a todo el mundo, como una mujer lla¬
1364 1035 2245 1091 mada Providencia, lo cuido aquella horrible noche,
1367 1080 2239 1133 y se ponía delante de el para preservarlo del vien¬
1361 1128 1653 1181 to y de la lluvia.
1459 1188 1871 1241 —¿Quién era esa mujer?
1361 1235 2239 1291 .
1430 1289 2242 1348 Esta leyenda es tan verídica, que aún debe de
1361 1334 2245 1390 vivir el niño losé, cuyo apellido no recordamos. La
1358 1385 2236 1438 gente que se encontro en Punta de Santiago, el
1352 1426 2236 1482 día del horroroso temporal de San Ciriaco, días
1358 1474 2227 1527 de Agosto de 1500, recuerda la salvación del niño
1355 1525 1925 1575 José por una mujer desconocida.
856 1719 1767 1787 BIBLIOGRAFIA
385 1850 925 1909 TIPOS Y CARACTERES DE
609 1901 1250 1960 MANUEL FERNANDEZ JUNCOS
453 2012 1253 2073 Con expresiVa dedicatoria del Maestro recibi¬
379 2056 1256 2121 mos esta obra, escrita hace tiempo y que ha tenido
391 2101 677 2160 varias ediciones.
453 2158 1256 2223 ¿Qué podremos añadir nosotros a los ellogios
376 2203 1047 2262 qué la prensa ha tributado a esta obra
456 2250 1256 2315 Producto de la atidada pluma de don Manuel,
370 2295 1250 2357 es una hermosa página de nuestras costumbres
376 2340 1256 2405 tipicas, en la que no se sabe qué admirar más, si
370 2388 1250 2450 la fina observación de nuestros caracteres, o el
373 2441 1253 2497 profundo analisis de las causas que han concurrido
373 2486 1247 2545 para dar á nuestro pueblo esa fisonomía especial,
370 2531 1253 2590 pintada con tal verdad en esta obra, que así deja
370 2567 1158 2635 ver los defectos como las buenas cualidades.
441 2618 1244 2680 Por eso las obras de Fernandez luncos siem¬
364 2662 1241 2730 siempre vivirán en nuestro pueblo con la frescura,
361 2710 1247 2775 sencillez y sinceridad con que fueron concebidas.
364 2758 1101 2817 Muy agradecidas al autor por el obsequio,
417 2830 1188 2894 N FOLLETO DEL DR. DEL VALLE
438 2916 1238 2978 También nos ha dedicado nuestro sabio amigo
355 2964 1238 3029 Dr. del Valle Atiles su interesante folleto sobre el
1343 1868 2224 1921 problema trascendentalísimo de la causa de la pros-
1343 1904 1773 1960 titución en Puerto Rico.
1424 1952 2218 2005 Llaga "mundial ésta, que trastorna las so¬
1337 1994 2221 2056 ciedades, envenenando la vida de la humanidad,
1346 2044 2215 2097 y manchando con su esquerosa baba, cuanto de
1346 2089 2218 2145 más sagrado y santo el hombre honrado pueda
1337 2134 1498 2187 concebir.
1412 2173 2215 2229 Tiempo es ya de que los gobiernos previsores
1343 2221 2212 2274 y las sociedades cristianas, presten la debida aten¬
1331 2262 2212 2321 ción a ese vicio inmundo que nos deshonra, envi¬
1340 2313 2215 2372 lece, y acaba con la vida de nuestros hijos y de la
1334 2358 2209 2414 juventud inesperta. Tiempo es ya de que se es¬
1337 2403 2209 2462 tudien las causas morbosas, que den origen a ese
1331 2450 2209 2509 cáncer social, de la manera sabia y concienzuda
1337 2495 2212 2557 que lo hace el Dr del Vale Atiles, uno de nuestros
1334 2543 2209 2602 gallenos más prominentes, más estudiosos y más
1334 2582 1510 2632 científicos,
1406 2621 2212 2680 Las Ligas Femineas de la isla, y todas las
1331 2659 2209 2727 Sociedades de señoras establecidas en Puerto Rico
1331 2707 2206 2772 deben prestar su valioso concurso a ese asunto tan
1325 2752 2200 2817 trascendental y que afecta la tranquilidad y la vi¬
1325 2800 2200 2862 da de seres que nos son queridos, y por los que to¬
1328 2844 2200 2909 da madre debe de velar con el mayor interes y efi¬
1322 2889 2206 2957 cacia. Debemos proteger a las niñas pobres para
1319 2940 1788 2996 salvarlas de la corrupción.
1397 2976 2200 3041 Estudia el Dr. del Valle esta cuestión cienti¬
1024 3149 1462 3199 Ayuntamiento de Madrid
