2479 3508
838 468 1379 533 HERALDO DE LA MUJER
203 573 1065 640 ficamente, basando origenes patológicos a esas
211 617 1065 691 propensiones a un vicio denigrante, que corroe los
208 665 1062 733 organismos de mujeres de escasa mentalidad y
211 716 889 781 ninguna educación ni moral ni religiosa.
286 761 1071 829 Puede decirse que la infelicidad de esas des¬
214 802 1071 879 graciadas la deben a la sociedad en que viven, que
214 850 1074 921 no cuida de prever esos desórdenes fisiológicos
214 898 1074 966 con una sabia previsión que los evite, al menos
217 946 883 1014 los atente del modo más eficaz posible,
292 987 1080 1052 Nuestras escuelas, donde no se enseña moral,
214 1029 1083 1100 ni se trata jamás de inculcar tanto al niño como a
1146 549 2009 617 la niña, ese aprecio de sí mismo, ese amor propio
1149 593 2003 667 y dignidad ingénita que latente existe en todo
1146 641 2006 709 hombre, y que el maestro debe tratar de despertar,
1155 680 2003 757 ya que la madre y el padre ignorantes y depraya¬
1149 728 2006 799 dos son incapaces de hacerlo, en nuestros bajos
1146 790 1298 843 sociales.
1224 823 2015 894 ¡Al nuestras escuelas, sin moral, yan á ser las
1158 868 2015 939 responsables de la corrupción de nuestro pueblo!
1161 916 2018 987 Hace años que venimos predicando en desierto en
1152 976 1388 1032 este sentido.
1570 1008 1985 1067 HERALDO DE LA MUJER.
444 1241 1806 1324 SHOULD YON ANTICIPATE A CHANGE
492 1340 1767 1417 in your drug store connections or desire additional facilities
549 1489 1701 1575 THE AMERICAN PHARMACY
662 1591 1615 1661 on NOYA HERNANDEZ ST. HUMACAO.
728 1680 1549 1754 invites yon to become one of its patrons.
337 1803 1955 1897 Situated in the heart of the city managed by the most expert pbarmacist at this
325 1856 1955 1951 district, and using only best drugs obtainable, this Pharmacy is special fitted to
275 1925 1403 2009 fill vour prescriptions, o hich e make a speciality.
761 2074 1546 2145 ISERN  BENITEZ
271 2421 826 2485 Marqués y Marquesa"
561 2558 1101 2623 La Mujer en el Arte¬
298 2636 1089 2706 Por la conocida literata puertorriqueña
417 2704 982 2769 CARMELA EULATE SANURIO
582 2773 821 2832 en casa de
465 2842 934 2903 NANIURIO VIDAL
555 2904 832 2960 SAN JOSE ST.
868 2946 1134 2996 Puerto Rico.
262 2964 477 3017 San Juan.
1268 2638 1961 2697 DISDOible
1027 3122 1453 3172 Ayuntamiento de Madrid
606 2200 1689 2274 NE SELE CASA.
250 2253 2036 2354 A
