2479 3508
922 587 1692 673 EL MODAS
1203 731 1585 787 JULIO DE 1919
1098 862 1707 921 Aquí tienen las encantadoras puertorrique¬
1068 895 1707 960 ñas las delicios novedades que la Reina de
1065 934 1704 996 la Elegancia preconiza para este mes ardoro¬
1065 973 1704 1035 so del verano. Los pongees estan en gran de¬
1065 1008 1704 1070 manda algunos de ellos listados, otros florea¬
1065 1044 1713 1109 dos a la oriental con preciosos colores. Velos
1062 1086 1707 1148 y Organdíes combinan deliciosamente, pues
1062 1122 1701 1184 los velos son fuertes, de Organdí delicado, y
1056 1158 1695 1223 son cualidades ideales para trajes de verano.
480 1519 1065 1590 Para reuniones y bailes el crepé geor¬
447 1568 1074 1635 gette aún impera al igual que la seda
443 1608 1065 1682 moaré con su lustre y sus hermosos colores,
439 1659 1065 1721 forman los trajes ideales para esta esta¬
472 1719 544 1751 ción.
501 1758 1062 1823 El número 8991 es un precioso traje
441 1803 1062 1864 con falda drapeada, y cola terminada en
439 1847 1056 1909 punta con una borla de seda o pasama¬
441 1892 552 1945 nería.
1630 1546 2205 1620 Véase el traje 8983, es de tafeta chifón,
1591 1597 2176 1664 el nuevo material lanzado al mercado, en
1582 1635 2202 1708 el cual se combinan las buenas cualidades
1588 1683 2202 1754 de la tafeta, con la delicada y lustrosa
1588 1731 1898 1790 apariencia del chifón.
1695 1776 2202 1844 Se puede encontrar en todos
1579 1862 2000 1927 también muy bellos floreados
1612 1907 2199 1982 Para niños, las telas frescas par sal¬
1576 1955 1680 2008 tar y
1591 2009 1668 2059 jugar
1576 2059 1680 2112 en las
1579 2113 1677 2166 playas,
1587 2164 1671 2220 y que
1567 2208 1707 2268 se vean
1439 2256 1671 2315 bién después de
1436 2304 1555 2357 lavadas.
1462 2355 1671 2411 Nansú para la
1427 2406 1662 2465 ropa blanca, Mu¬
1430 2462 1662 2518 selinas, linó y
1424 2519 1668 2578 cambray para
1424 2573 1612 2629 los trajecitos.
483 2871 2068 2960 Estos modelos ilustrados representan algunos de los patrones McCall que están de venta en casa de J. Vilamil & Co. San Juan, P. R.
1035 3113 1459 3166 Ayuntamiento de Madrid
