2479 3508
423 1937 1868 2023 CLASES DE ARIMETICA Y ALGEBRA
588 2056 1695 2136 PARA LOS ESTUDIANTES
880 2164 1447 2226 ESPANOL.
635 2235 1668 2309 PARA LOS AMERICANOS
698 2319 1618 2393 POR ANA ROQUE DE DUPREY
815 2397 1489 2468 RIO PIEDRAS, PUERTO RICO.
1656 629 1889 685 CO.
770 641 1618 709 P. Sonra á
865 805 1776 879 San Francisco esquina San lusto,
856 958 1964 1040 Llegados ahora por este correo, esta casa tiene un
728 1038 1943 1115 esplendido surtido de Trajes Preciosos de Corte Moderno,
734 1113 1946 1193 Telas primorosas de Crepé de China, etamina Georgette,
716 1193 1988 1267 Punto, Taffeta, combinado todo con crespón aéreo.
743 1266 1960 1342 Vengan a esta casa las más bellas flores del pensil riqueño,
734 1340 1662 1423 y saldrán más bellas con tan rico atrezzo.
1439 1600 1985 1655 Puerto Rico,
734 1617 1164 1676 San la a n.
626 2686 1710 2763 DIS DOTOTE
1035 3107 1456 3160 Ayuntamiento de Madrid
