2479 3508
626 1704 1818 1763 Paros TIOWARD
710 1829 1710 1894 Conocidos en todas partes del mundo.
707 1934 1701 1996 Elogiados por los artístas más famosos.
707 2041 1937 2103 Fabricados especialmente para los países tropicales.
710 2140 1862 2202 El HOWARD es el piano elegido por la mayoría
710 2209 1806 2271 de los grandes Conservatorios de música.
809 2301 1743 2360 EN PUERTO RICO HAY MAS DE
961 2391 1633 2453 UN MILLAR
1101 2471 1459 2524 EN 10.
961 2531 1516 2590 VISTENOS
761 2627 1791 2686 SANCHEL MORALES & Co. I.
973 2686 1570 2742 LA CASA QUE VENDE LO MEOR.)
588 2844 1955 2915 San Juan... Ponte. .... Mayaguez.
1032 3074 1453 3127 Ayuntamiento de Madrid
