3942 6009
2401 480 2795 548 A
334 612 3667 703 SEMANARIO ILUSTRADO DE CIENCIAS, LITERATURA, BELLAS ARTES, MEDICINAS CASERAS, HIGIENE Y CONOCIMIENTOS
1547 719 2419 781 UTILES A LA VIDA PRÁCTICA.
1099 779 2914 853 DEDICADO EXCLUSIVAMENTE A LA MUJER
340 833 3673 930 La mujer sabla edifica de la nada su casa; mas la mujer Insensata lejos de edificar una casa que no existe, destruye con
1379 934 2622 996 sus manos la que existe ya. (Prov. XVIII
1105 1024 2861 1092 SALE Á LUZ LOS DÍAS S, 15, 22 Y FIN DE CADA MES.
346 1107 3649 1205 Directora, CONSTANCIA POBLETE—Tel., 934—DIRECCION TELEGRAFICA FILIPINAS—Admra, FRANCISCA GESMUNDO
352 1209 3649 1301 Precios de subscripción:—PO.30 al mes en Manila, y P1.20 trimestre en provincias.—Pago adelantado.
3207 1406 3631 1462 Núm. 21.
1015 1424 3028 1486 Manila, I. F., Miércoles, S de Septiembre de 1909.
465 1436 782 1492 Año I.
483 1740 1851 1796 LA EDUCACION Y LA ENSEÑANZA
907 1854 1427 1910 EN LA MUJER
442 2039 1965 2095 Es imposible poner en duda la incompati¬
358 2117 1941 2173 bilidad de principios que constituyen la edu¬
364 2182 1953 2244 cación, porque si bien es cierto que en nues¬
370 2266 1971 2322 tros colegios se enseña el catecismo, se hacen
358 2350 1959 2400 aprender de memorin tratados de ética, también
364 2415 1953 2477 lo que es que las costumbres están en contra¬
358 2499 1965 2549 dicción en los preceptos más generales de la
376 2577 1075 2627 verdadera moralidad.
430 2660 1941 2710 La educación pues, que se dá á la niña es
358 2738 1965 2788 más incompleta, si cabe, que la dada á los
370 2804 1953 2860 niños, á nesar de que ella necesita más for¬
364 2875 1953 2937 tificar su débil razón para que pudiese por¬
358 2959 1971 3009 tarse con verdadero discernimiento. A más de
376 3031 1953 3099 ser incompleta, es contradictoria de todo punto
364 3108 1953 3164 con la conducta que debe segnir en el mundo,
376 3186 1941 3236 de suerte que la mujer entra en la vida re¬
364 3264 1953 3314 lativa cabalmente con todas las ideas contra¬
364 3329 1959 3385 rias á la realidad de su dostino; y únien¬
364 3401 1959 3457 mente la vanidad, que es un cualidad na¬
370 3479 1953 3535 tural de la mujer y que bien cultivada podría
364 3562 1953 3612 ser origen de grandes virtudes y abnegaciones
346 3628 1947 3684 se fomenta con exageración haciendo pasar á
364 3712 1953 3762 la niña los límites que podrían convenir á su
352 3783 1965 3833 felicidad y á la de los séres que la rodean
346 3861 1140 3911 en el seno de la familia.
442 3939 1953 4001 No pretendemos la gloria de reformistas ni
346 4022 1953 4072 de innovadoras. De consiguiente, no aconseja¬
358 4094 1953 4144 remos á las de nuestra sexo que se revelen
346 4166 1953 4222 contra semejante estado de cosas, porque no
346 4243 1953 4299 son ellas, no somos nosotras las que hemos
352 4315 1941 4371 de corregir tales errores. El hombre, á medida
358 4393 1953 4449 que las ideas de justicia se vayan abriendo
370 4464 1935 4526 paso en el fondo oscuro de la conciencia, ele¬
364 4542 1959 4598 vará á la mujer al pedestal que la corresponde:
364 4614 1941 4670 hará que la niña se instruya y se eduque con-
346 4691 1941 4747 forme á su destino incumba; hará que la madre,
358 4769 1947 4825 primer agente poderoso de la moralidad social,
346 4841 1941 4897 hay recibido todos los conocimientos y con¬
346 4918 1941 4968 ceptos que necesita para que su influencia en
346 4996 1947 5052 la niña, en el niño y en el hombre tenga
346 5068 1965 5123 toda la eficacia y trascendencia que la reputan
364 5139 633 5201 posible.
418 5217 1935 5273 De consiguiente, nos limitaremos á expo¬
824 5300 1564 5356 Continua en la página 165
2168 1717 3518 1790 LA MUJER ANTIGUA Y LA MUJER
2425 1830 3255 1898 DE ESPIRITU MODERNO
2586 2033 3010 2083 (Continuación)
2108 2099 3637 2161 No tenemos mujer espiritual, gritan algunos, sin fi¬
2042 2171 3070 2232 jarse en que no han querido crearla.
2090 2224 3637 2280 Sirva de contestación á ellos la frase de Fabián
2042 2284 3643 2346 Vidal: Nosotros, que constantemente ponemos sitio
2030 2356 3637 2418 á la virtud; de la mujer, que la hacemos vivir en un
2030 2415 3631 2477 medio frivolo, donde sólo se aprecia lo exterior y
2030 2475 3631 2543 brillante que nos hemos acostumbrado á considerar
2030 2547 3643 2609 en la compañera una cosa tal vez querida como se
2048 2613 3625 2680 quiere á un mueble, tal vez adorable como se adora
2048 2672 3631 2746 á un placer, pero suponiéndola incapaz de elevarse
2036 2738 3643 2800 á nuestra altura, hacémosla guardiana de la propia
2030 2804 3619 2866 honra, sin reflexionar en el gran despronósito que
2042 2869 3625 2931 cometemos al creerla imposibilitada de alcanzar un
2030 2929 3643 2991 nivel ético igual al nuestro, y asignarla, á pesar de
2042 3001 3631 3057 ello, la misión de guardar incólume el nombre que
2030 3067 2431 3122 la diéramos.
2090 3144 3643 3200 La mujer de espíritu moderno se ya aproximando
2042 3204 3631 3272 al nuevo ideal de los españoles progresivos: y no¬
2030 3264 3619 3326 sólo realiza ese ideal la española; las latinoamericanas
2030 3335 3637 3391 tiempo ha que penetraron en el campo de la ciencia
2042 3401 3625 3457 y del arte. Asistí en México al doctorado de Ma¬
2048 3461 3625 3523 llde Montoya, que ejerce la Medicina en aquella
2048 3526 3637 3588 República desde hace veinte años; en Chile se han
2042 3592 3637 3648 doctorado dos mujeres en Jurisprudencia. Distinguese
2036 3652 3619 3708 la mujer argentina por sus ideas avanzadas compo¬
2030 3724 3637 3780 en las brasileñas, cubanas y portorriqueñas, música
2042 3789 3631 3839 y versos con inspiración; las centroamericanas son
2036 3843 3631 3899 hábiles en asuntos comerciales y administrativos; de
2030 3909 3643 3965 ellas se ha dicho que podrían formar una Cámara¬
2036 3974 3619 4030 de Comercio. En Ecuador y Columbia, naciones de
2030 4040 3613 4090 eruditos, hay muchas cultivadoras de las letras; en
2042 4106 3631 4156 Venezunela, pátria del gramático Baralt, la mujer ha¬
2042 4166 3613 4222 llegado á desempeñar cargos de la Administración pú¬
2042 4231 3625 4287 blica; en el Perú participa de la vida espiritual del
2030 4297 3631 4353 hombre, lee á los enciclopedistas y los discute en Uru¬
2030 4369 3344 4425 guny y Bolivía se ve á la mujer en los museos.
2084 4440 3631 4496 Los hembres misoneistas asústanse de una fuerza
2054 4506 3643 4562 ine avanza cada día y ha de arrollar caducas insti¬
2048 4572 3619 4622 tuciones; esa poderosa fuerza es la mujer intelectual.
2048 4637 3631 4693 Calumniada ha sido por los que aseveran que tiende
2030 4697 3637 4753 á la masculinización. Al pretender privilegios de que
2048 4757 3619 4819 goza el varón, no quiere renunciar al prestigio que
2030 4817 3631 4879 de dan los encantos femeninos. No temaís que se¬
2030 4882 3625 4944 convierta la mujer intelectual en marimacho, en sér
2036 4954 3625 5004 hibrido: ella tiene el culto de su belleza. La mujer
2030 5020 3619 5070 de raza latina especialmente, es muy femenina: Mad.
2030 5079 3619 5135 Stal cuidaba más que sus laureles las hojas otoñales.
2030 5139 3631 5201 de su vida, dandoles color artificial. La salvaje es
2030 5217 2962 5267 más hombruna que la civilizada.
2460 5289 3195 5345 Termina en la página 166
