3930 6050
548 390 692 446 166
1783 360 2279 428 "FILIPINAS"
399 706 1700 768 INFORMACIONES ÚTILES
525 975 1843 1025 EL LIMÓN CONTRA LAS VÍBORAS.
471 1058 1992 1114 Pide un diario de S. Paulo, Brasil, que por
381 1130 1986 1192 amor á la humanidad se dé publicidad á este
393 1213 638 1275 hecho:
513 1285 1986 1341 Un agricultor fué mordido en la pierna por
393 1369 1217 1419 una víbora de cascabel.
465 1434 1962 1490 Sin impresionarse por este hecho tomó un
393 1512 1986 1568 limón agrio, lo cortó en mitades, á las que
381 1583 1980 1639 adicionó cierta cantidad de sal de cocína y los
405 1655 1974 1717 puso activamente en el fuego, aplicándose las
381 1733 1974 1788 cuando hervían, á manera de cauterio, en las
399 1804 1980 1866 heridas dejadas por la vibora. Repitió la ope-
399 1882 1974 1938 ración durante algunos instantes, colocó una
393 1959 1964 2015 ligadura en la parte superior de la pierna, y
381 2037 1992 2093 sin dar importancia al caso prosigió su trabajo
381 2108 1992 2164 durante el día. El agricultor manifestó que
387 2186 1992 2236 después de mordido por la vibora apenas sintió
381 2258 1992 2314 leve peso en la cabeza, el que desaparecció en
399 2341 1121 2397 segnida del canterio.
531 2407 1986 2463 Hállase probado que el limón ácido tiene
381 2484 1980 2540 esta virtud además de muchas otras que le
387 2568 918 2624 son atribuidas."
399 2759 1420 2815 LA MUJER ANTIGUA Y LA
763 2842 1980 2898 MUJER DE ESPÍRITU MODERNO
769 2932 1646 2988 Terminación de la página 163
441 3015 1992 3065 Si la mujer intelectual ama el sport, es porque se
399 3081 1992 3131 halla convencida de que la inteligencia necesita un
393 3147 1569 3203 organismo robusto en que desenvolverse.
453 3206 1986 3262 De madres vigorosas debe esperarse el mejoramiento
405 3272 1974 3328 de la raza; la hembra humana fuerte cumplirá mejor
393 3343 1843 3393 sus funciones maternales que la hembra raquítica.
465 3397 1974 3459 La intelectual de nuestros días, lejos de ser la virago.
393 3469 1968 3519 que proclama guerra al hombre, dícele: quiero vivir
393 3528 1968 3584 de tus luchas, que tus pesadumbres sean las mías:
393 3594 1957 3650 quiero participar contigo de la emoción estética que
387 3660 1962 3710 tanto estrecha los corazones; anhelo que existan entre
399 3719 1974 3781 los dos afinidades de espíritu, que nos una la misma
381 3785 1974 3841 civilización, que convivamos en la vida civil, para que
381 3851 1700 3907 no sesmos antitéticos, antagónicos, antípodas.
1527 3946 1927 4002 (Se concluirá)
381 4143 1479 4193 LA EDUCACIÓN Y LA ENSE-
1151 4232 1986 4282 ÑANZA EN LA MUJER
793 4316 1610 4366 Terminación de la página 165
381 4411 1980 4461 otros que nos ponen en contacto con la natura-
381 4483 1980 4539 leza para conocerla, estudiarla y corregirla; tales
381 4561 1980 4617 con las facultades intelectuales, científicas, artís-
393 4632 1127 4688 ticas, industriales, etc.
465 4704 1992 4766 Todos esos impulsos tienen por agente la
399 4781 1980 4837 voluntad que es preciso guardarse de confun-
387 4859 1974 4909 dir con el albedrío ó facultad de escoger
381 4931 1974 4987 entre dos escitaciones simultáneas la que es
381 5008 1032 5070 preferible obedecer.
459 5080 1980 5136 Debiendo nuestros progresos á la cultura de
381 5151 1968 5207 la inteligencia de la razon y de la sensibi-
387 5229 1968 5285 bilidad, se debe procurar que esa cultura aumen-
387 5306 1962 5356 te y que se acostumbre al individuo á no
381 5378 1957 5434 creer nada que contradiga la ciencia, porque
2243 694 3460 762 MUJERES BALLENERAS
2147 963 3645 1031 El femenismo cunde hasta en el mar, como
2064 1040 3645 1114 lo demuestra lo ocurrido hace poco en la costa
2064 1118 3651 1180 Shetland, con motivo de haber aparecido en
2064 1190 3633 1257 ella multitud de ballenas de una de las espe-
2064 1279 2661 1341 cies más pequeñas.
2135 1345 3633 1407 Gran parte de los habitantes de la isla es-
2076 1416 3633 1484 taban ocupados en la pesca del arenque, y buen
2064 1494 3627 1556 número de personas presenciaba su faena desde
2064 1571 3633 1633 la orilla, cuando se dejaron ver los cetáceos.
2064 1637 3639 1705 Inmediatamente fueron echados al agua nume-
2070 1721 3627 1788 rosos botes, y entre ellos uno tripulado por
2064 1786 3633 1860 la directora de un colegio de señoritas y algu-
2064 1864 3633 1938 nas de sus alumnas. Los balleneros improvi-
2070 1941 3633 2003 sados, valiéndose de las armas que buenamente
2076 2019 3621 2093 pudieron procurarse, lograron apoderarse nada
2070 2090 3621 2164 menos que de ochenta y seis ballenas; pero
2070 2174 3627 2236 nadie mostró tanto arrojo ni tanta actividad
2052 2240 3633 2302 como las colegialas. Una de ellas, enarbolando
2064 2311 3621 2385 un bichero, estuvo acusando á uno de los ce-
2070 2395 3651 2457 táceos hasta que cayó rendida y sin fuerzas
2070 2478 2678 2546 ya sobre su asiento.
2141 2544 3633 2606 Según noticias de la isla de Shetland, hacía
2052 2622 3627 2683 años que no se cogían allí tantas ballenas de
2070 2693 3639 2761 una vez, y desde luego nunca se había dado-
2070 2771 3621 2833 el caso de que la mayoría de los balleneros
2058 2854 2899 2916 perteneciese al bello sexo.
2297 3075 3412 3137 NUESTROS GRABADOS
2124 3182 3633 3244 En este número hemos prometido publicar
2052 3254 3627 3322 los fotograbados de nuestras distinguidas co-
2058 3332 3615 3399 rresponsales las Srtas, Amalia Francisco y Ge-
2058 3403 3621 3471 noveva Camaclan y de nuestras hermosas favo-
2052 3487 3633 3537 recedoras de Tavabas, pero por el mal tiempo
2058 3564 3621 3620 no se nan podido terminar dichos fotograbados.
2058 3636 3621 3704 percance este que sentimos profundamente.
2058 3719 3090 3775 . Para el próximo número será.
2058 3964 2911 4026 Á NUESTRAS CORRES-
2464 4059 3633 4115 PONSALES Y FAVORECEDORAS
2124 4167 3621 4223 Suplicamos encarecidamente á nuestras corres-
2070 4244 3627 4306 ponsales de provincias que hasta la fecha no
2058 4322 3621 4378 han llegado á liquidar las subscripciones que
2052 4400 3621 4450 están á su cargo á esta Administración, asi como
2052 4471 3627 4533 tambien á nuestras favorecedoras que no han
2058 4549 3627 4599 satisfecho, sus respectivas cuotas por este se-
2064 4620 3627 4682 gundo trimestre, que nos las remitan tan pronto
2058 4698 3627 4754 como sea posible para la buena marcha de
2058 4775 2661 4831 nuestro semanario.
2869 4883 3567 4933 LA ADMINISTRACION.
2040 5086 3621 5142 no podría formarse verdadero criterio y dis-
2046 5151 3621 5213 cernimiento donde no existiese un señalado
2052 5235 3621 5291 punto de partida, este punto tanto en lo in-
2046 5306 3627 5368 telectual como en lo moral y físico no puede
2028 5384 2851 5446 ser otro que la ciencia.
