3942 6192
923 336 3021 657 FILIPINAS
286 695 3594 769 SEMANARIO ILUSTRADO DE CIENCIAS, LITERATURA, BELLAS ARTES, MEDICINAS CASERAS, HIGIENE Y CONOCIMIENTOS
1498 790 2340 840 UTILES A LA VIDA PRACTICA.
1027 850 2824 918 DEDICADO EXCLUSIVAMENTE A LA MUJER
274 910 3582 996 La mujer sabla edifica de la nada su casa; mas la mujer insensata lejos de edificar una casa que no existe, destruye con
1325 1005 2555 1067 sus manos la que existe ya. Prov. XVIII.
1038 1089 2776 1163 SALE Á LUZ LOS DÍAS 8, 15, 22 Y FIN DE CADA MES.
274 1191 3576 1270 Directora, CONSTANCIA POBLETE—Tel., 934—DIRECCIÓN TELEGRÁFICA: FILIPINAS.—Admra, FRANCISCA GESMUNDO
280 1304 3564 1390 Precios de subscripción: P O.30 al mes en Manila y P 1.20 trimestre en provincias. Extran-
728 1399 3134 1479 gero P 5.00 semestre. Pago adelantado. Números Sueltos 0'20 céntimos.
400 1614 722 1664 Año I.
1009 1591 2848 1658 Manila, I. F., Lunes. 8 de Noviembre de 1909.
3128 1591 3552 1641 Núm. 29.
376 1913 1821 1975 LA MEJOR RIOUEZA PARA LA MUJER
620 2020 1594 2082 ES UNA SOLIDA EDUCACION
370 2212 1898 2274 Bien quisiéramos que el desarrollo de nuestro
298 2283 1880 2357 pensamiento sobre esta materia de actual in-
298 2361 1892 2423 terés, correspondiera á la magnitud de nuestros
304 2438 1886 2500 deseos; y que para llevar al ánimo de nuestras
304 2516 1880 2578 lectoras la persuación que existe en el nuestro.
298 2588 1880 2644 se nos ocurrieran razones de tanto peso, y
304 2653 1880 2727 argumentos tan al alcance de todas que nin-
304 2737 1880 2811 guna, cualquiera que fuese la clase ó posición
316 2809 1886 2877 que en la sociedad ocupase, se crevese des-
304 2892 1892 2948 obligada de adquirir un caudal de conocimientos
304 2958 1880 3026 en mil ocasiones, más útil que en los inte-
304 3036 1892 3098 reses materiales con los que ilustrará su inteligen-
304 3113 1886 3169 cia para hacer frente á los azares de la exis-
298 3191 1892 3241 dencia, que el incierto porvenir en mayor
298 3268 1570 3324 ó menor escala á cada una reserva,
376 3358 1880 3414 No todas pueden ofrcer á aquel á quien.
304 3430 1874 3492 entregando el corazón, árbitro de los destinos
304 3501 1880 3563 de su vida grandes ó pequeñas fortunas, ni
304 3579 1880 3641 aportar al matrimonio el oro que brilla ni la
298 3657 1886 3719 pedrería que deslumbra; porque esto no está
292 3734 1671 3784 al alcance sino de un reducido número.
370 3824 1857 3874 Pers sino todas pueden brindar con bienes,
304 3889 1862 3957 que la fortuna da y quita á su voluntad y
286 3967 1880 4023 capricho, todas pueden y deben llevar un ca-
298 4039 1880 4101 nital que vale mucho más que el oro, pues hace
304 4122 1725 4178 siempre lo que este solo jamás consigue.
370 4212 1880 4262 En una revista de Europa hemos leido que
298 4278 1886 4339 recorriendo un día los salones del gran finan-
298 4355 1886 4411 ciero Rotschild un amino suvo, y al ver tan-
304 4427 1886 4495 tas riquezas reunidas en aquella opulenta mo-
298 4504 1874 4566 rada, no pudo menos de decir al ofortunado
286 4606 1868 4656 banquero: Verdaderamente debe Vd.
292 4666 1886 4746 ser bien feliz. A esta exclamación que es-
310 4743 1868 4811 pontaneamente brota de los labios cuando ve-
286 4827 1874 4883 mos de sobra en los demás, lo que á nosotros
268 4905 1886 4955 nos falta contestó el tantas veces millonario
722 4982 1439 5038 Termina en la página 228
358 5125 1880 5193 Conservad los envoltorios de la Harina
280 5203 1857 5265 Lacteada Nestle alimento para los niños;
298 5275 1886 5337 por cada seis envoltorios os regalarán un bonito
292 5364 1874 5414 album para tarietas postales y para fotografias.
2095 1895 3463 1957 EL DONATIVO DE LOS MUERTOS EN
2406 2003 3128 2053 EL DIA DE DIFUNTOS
2573 2200 2937 2262 [Conclusión]
2686 2307 2830 2369 VII.
2065 2397 3546 2459 —Escucha,—dijo entonces mi perdido amigo.
1970 2468 3552 2530 Dios te ha guiado á nosotros porque tu espí-
1958 2552 3558 2608 ritu ha estado continuamente en contacto con
1970 2624 3576 2680 el nuestro Hoy, día de difuntos, en que
1970 2695 3564 2757 algun recuerdo perdido intercede por nuestro
1970 2773 3570 2835 descanso, tu oración pura y amante ha llegado
1970 2850 3564 2906 oní como un himno lejano entonado por los
1970 2922 3558 2984 angeles: Tú invocaste nuestra memoria y te
1964 3000 3552 3062 dijimos: ven ven, puesto que nos recuerdas:
1976 3071 2985 3133 ven, puesto que nos llamas.!
2036 3155 3552 3205 Ahora, vamos todos nosotros á hacerte un
1970 3227 3570 3283 donativo: siguenos; y tendía su helada mano
1976 3304 3564 3360 que tomé sin temor, á pesar de petrificarme
1964 3376 2376 3432 su contacto.
2024 3448 3564 3510 Me llevó á un extremo de la alameda, á
1958 3525 3558 3581 donde nos siguieron todos los muertos, y desde
1958 3597 3564 3659 allí descubrí un mar tumultuoso que arrojaba
1946 3674 3206 3730 espumosas olas hasta nuestros pies.
2048 3752 3552 3808 Era un mar immenso.. sin horizontes. De
1964 3824 3552 3886 en medio de sus aguas ví surgir, como fan-
1958 3901 3558 3957 tasma mágico, un bagel ligero en forma de
1970 3973 3540 4035 cisne, que pintado de negro y filetes do oro.
1964 4045 3552 4107 hacía resaltar su esbelta y aguda quilla. Dos
1946 4122 3540 4184 remeros vestidos de negro, de rostro pálido y
1964 4194 3558 4262 tranonila fisonomía, parecían aguardar alguna
1964 4266 3552 4334 órden de los de la tierra, y sus remos levan-
1946 4349 3528 4411 tados en alto goteaban líquidos diamantes,
1952 4427 3331 4483 que se perdían en la estela del bagel.
2675 4504 2842 4566 VIII.
2042 4600 3540 4662 —Mira.—continuó el que me condujo á ori-
1946 4678 3534 4740 llas del mar—Ese bagel es nuestro donativo.
1940 4749 3546 4811 Cuando triste y acongojada por los humanos
1958 4827 3540 4883 dolores viertan llanto tus ojos y gima tu sen-
1946 4905 3552 4966 sible corazon, él, pronto siempre á tu mandato.
2388 4982 3116 5038 Termina en la página 228
2018 5131 3558 5193 El día en que todas las madres alimentaran
1958 5209 3546 5271 á sus niños con la Harina Lacteada
1946 5275 3552 5343 Nestle, será un hecho el pronto crecimiento
1946 5358 2985 5414 de los habitantes del mundo.
