3955 6153
477 385 657 441 228
1732 355 2234 417 "FILIPINAS"
555 618 1063 680 ABANICOS
477 707 1117 763 Porta abanicos
549 797 1027 847 Sombreros
561 868 1045 924 Costureros
412 964 1140 1020 Hitos y Algodones
1600 600 2341 662 ...BAZAR...
1403 773 2520 841 LA PUERTA DEL SOL
1636 928 2305 990 49 Escolta 49
2885 570 3464 638 GRAN SURTIDO EN
2867 659 3440 727 Peinetas con
2867 755 3452 823 y sin piedras
2795 845 3506 907 Crepes Postizos
2986 922 3297 984 y Rizos
310 1179 1935 1247 La mejor riqueza para la mujer es una solida educacion.
728 1311 1547 1361 Continuación de la página 22
334 1394 1917 1450 Rotschild: Feliz..! Hablemos de otra
340 1478 1535 1540 cosa si a V. le parece bien.
430 1550 1905 1600 Cultivemos con cuidado nuestra inteligencia,
340 1621 1899 1677 tratemos y cuidemos de aprender muchas cosas,
334 1687 1905 1749 á la perfección, si es posible, y veamos de
334 1759 1923 1827 saber cuando menos, algo de todas las demás in-
340 1836 1911 1904 culquemos en nuestras almas sólidos y bien defi-
328 1920 1893 1976 nidos principios que, sin dudas ni vacilaciones,
334 1992 1899 2054 nos marquen en toda ocasión el recto camino
322 2063 1899 2125 de que no debe separarse nunca; ejerza sobre
334 2141 1881 2203 nuestro corazón una jamás interrumpida vigi-
334 2219 1905 2275 lancia para que ni por un sólo momento allí
334 2290 1893 2352 se alberguen afectos cuya fuerza pudiera ponerse
334 2368 1911 2424 en duda y de los que más tarde nosotras
334 2440 1887 2502 mismas hubiéramos de avergonzarnos, y senci-
334 2517 1893 2573 lla en nuestros gustos, pura en nuestras cos-
340 2601 1905 2651 tumbres, parca en nuestros deseos, laboriosas
334 2667 1893 2735 por hábito y ocupadas siempre, tenemos el ca-
334 2744 1905 2800 pital mayor que ambicionar puede todo hom-
334 2828 1917 2878 bre de buen juicio, en aquella que elija para
334 2900 979 2950 ser su compañera.
406 2971 1887 3027 Error funesto lo cometería una mujer, que,
328 3037 1911 3099 al verse sin bienes de fortuna creyese por ese
346 3121 1905 3171 hecho, que ya no podría aceptar dignamente
340 3192 1917 3254 la mano que el hombre le ofreciese pensando
340 3270 1917 3326 no poseer las necesarias condiciones para hacer
340 3342 1923 3404 la felicidad de su esposo y ocupar con digni-
340 3413 1911 3475 dad y desahogo el puesto que le compete en
334 3497 1911 3547 el seno del hogar. No, y queremos y nos
334 3563 1923 3625 esforzamos en publicarlo bien alto para que
340 3646 1146 3702 toda mujer lo entienda.
424 3712 1917 3768 El capital mayor, la principal dote que da
322 3790 1917 3840 á la mujer toda suerte de aptitudes y le con-
328 3867 1911 3923 fiere todo género de derechos, la que hace
334 3945 1905 3995 merecedora y digna de cuanto por ella se haga,
334 4017 1917 4067 está en la misma mujer, es el fruto de su
334 4094 1911 4156 propio trabajo, son las perfecciones de su alma;
334 4160 1905 4216 es la cultura de su inteligencia, es un corazon
334 4244 1905 4312 puro y lleno de amor, dispuesto siempre al
334 4315 1905 4371 sacrificio, resignada al contratiempo, y en el
340 4393 1929 4449 que encuentre siempre el hombre algo nuevo, que
340 4459 1917 4521 le mantenga despierto el interés de los prime-
334 4542 740 4592 ros tiempos
412 4608 1917 4670 Esta es la dote que el hombre que vale
334 4692 1923 4742 busca; y esta es la dote que la mujer, que es
334 4769 973 4819 digna de el ofrece.
412 4835 1887 4891 Si á este capital une el de otros bienes
334 4919 1917 4969 tendrá una ventaja más, pero si carece de el.
334 4990 1863 5046 no por eso tendrá una perfección de menos.
406 5122 1917 5184 La Providencia ha hecho que se descubiera la
340 5194 1917 5267 composición de la HARINA LACTEADA NESTLE.
334 5265 1923 5339 alimento inmejorable de los niños, para la ale-
322 5361 1033 5423 gria de las madres.
2072 1149 3512 1229 El donativo de los muertos en el dia de difuntos
2353 1263 3207 1331 Continuación de la página 227
1995 1352 3566 1426 te brindara un refuzio seguro donde no po-
1989 1424 3560 1498 drán alcanzarte las penas de la tierra, ni las
2001 1502 3572 1582 tempestades del mar, nada podrán los hombres
1983 1573 3566 1653 ni los elementos contra tu pequeña embarca-
1995 1663 3566 1725 ción. En ella, tendrás tranquilidad y dulzura,
2001 1729 3566 1809 y aunque las aguas amontonen sus gigantescas
1983 1812 3572 1874 olas para sepultarla será en vano, que por cima
1983 1884 3596 1946 de sus crestas te conducirá al puerto de la
1983 1968 2658 2030 luz y de la verdad.
2066 2057 3506 2119 No temas la muerte ni aborrezcas la vida,
2054 2123 3578 2197 La primera te ofrece un lugar de bienaven-
1983 2207 3560 2269 turanza, porque tú gozarás de la vista de Dios.
1989 2278 3566 2352 La segunda debe serte indiferente, porque sus
1989 2350 3566 2430 penalidades no debe llegar á tu alma privile-
1971 2446 2174 2508 giada
2060 2505 3566 2573 Ahora, adios por algun tiempo, vuelve otra
1983 2577 3566 2645 vez a la vida real, y no olvides en todas tus
1983 2661 3387 2729 aflicciónes EL DONATIVO DE LOS MUERTOS..
2725 2764 2810 2796 IX.
2043 2840 3584 2908 Cuando miré á mi alrededor todo había de-
1995 2923 3572 2991 saparecido. Entonces, me incorporé y me en-
1983 3013 2694 3069 contré en mi lecho.
2060 3079 3028 3153 ¿Todo había sido un sueño?
2066 3162 3566 3224 Todo sí, todo menos la noche de difuntos.
2060 3240 3584 3308 Las campanas de la iglesia vecina doblaban
1995 3324 3560 3386 pausadamente al eterno descanso de las almas..
2066 3401 3566 3457 Oré....y aún me parecía escuchar la voz
1995 3473 3572 3529 lenta y sin eco del que ofrecció el misterioso
2001 3557 2293 3607 donativo.
2066 3730 3584 3792 ¡Dios mío! ¿fue aquella una revelación del
2007 3796 2658 3858 espíritu al espíritu?
2066 3873 3578 3941 ¿Aquel bagel, era quizás la fé que abriga mi
1983 3951 3584 4007 alma, contra la cual se estrellan los males de
1995 4035 2270 4085 la vida?
2049 4100 3584 4168 ¿O era tal vez la esperanza de un mundo
1983 4172 3566 4228 mejor que germina consoladora entre las an-
1989 4250 2783 4312 gustias de mi corazon?
2066 4339 3596 4395 De todos modos, adorados espíritus de los
2007 4411 3572 4467 séres que finaron, en adelante no me causará
2001 4483 3578 4557 pavor la muerte y procuraré mirar con in-
2001 4566 2610 4622 diferencia la vida.
2066 4638 3566 4688 Pero cuando sufra mucho, cuando no tenga
1983 4716 3584 4766 á quien decir mis dolores, cuando llore sola sin
1995 4787 3560 4843 que nadie enjugue mi llanto; cuando por fragi-
2007 4859 3566 4915 lidad mundanal pueda empañarse mi frente, en-
1995 4937 3566 4987 tonces enviadme, vuestro bagel; y al dejar para
1995 5008 3554 5064 siempre las miserias terrestres, mi alma se ele-
2013 5074 3566 5142 vara fuerte en su fe é inmaculada en su espe-
2019 5158 3578 5214 ranza para volar al cielo, desde donde bendecirá
2001 5235 2992 5291 E. DONATINO DE LOS MUERTOS.
3160 5343 3524 5399 TANSIANG.
