3955 6165
1720 355 2210 417 FILIPINAS"
3363 355 3524 411 229
597 713 1780 763 Cuartillas sueltas
919 970 1433 1026 LA DULZURA
442 1060 1965 1110 Se ha dicho con sobrada ligereza que la
358 1125 1977 1187 dureza corta la acción ó la energía, por cuyo
370 1209 1965 1265 motivo únicamente conviene á la mujer en
352 1275 1965 1337 quien el exceso de suavidad y blandura pro-
370 1346 1977 1408 duce el mejor efecto y ajústase á la misión
370 1430 1965 1492 que sobre la tierra desempeña. Según infié-
376 1508 1983 1564 rese de ahí, la dulzura ha sido comprendida
358 1579 1965 1641 de un modo avieso y muchos desconocen el
370 1657 1959 1713 sentido verdadero y trascendental de la palabra.
382 1729 1977 1785 No reside la dulzura en el fondo sino en la
376 1800 1965 1862 forma; no en la idea sino en su expresión;
376 1884 1971 1940 no en el plan sino en el desarrollo. Nada
382 1956 1977 2018 pierde la energía porque adopte el sistema del
364 2033 1977 2083 convencimiento y del cariño. Preferimos á rui-
382 2111 1971 2167 dosas manifestaciones el tono apacible de la
376 2183 925 2239 razón persussiva
465 2260 1983 2310 Una madre inducciendo entre besos á su niño
370 2338 1977 2388 á tomar la amarga medicina, inquebrantable
364 2410 1977 2460 en su propósito á pesar de las caricias que
376 2481 1971 2543 de prodiga; un padre que sin valerse de ame-
382 2565 1959 2615 pazas hace sentir la falta cometida al tierno
376 2637 1977 2693 delincuente, sin ejemplos bastante hermosos
370 2708 1965 2776 para desmentir el falso juicio que merece la
364 2786 1971 2842 dulzura y poner de relieve la importancia de
364 2852 1977 2914 esta como intermediaria entre el fin y los me-
370 2935 1977 2991 dios, retardando hasta el último momento el
364 3013 1248 3069 empleo de la fuerza brutal.
931 3103 1421 3153 LA INERCIA
442 3174 1965 3224 Semejante á la embriaguez que embota los
370 3246 1965 3302 sentidos y roba fuerzas inutilizando por com-
376 3330 1959 3386 pleto, apodérase del hombre la inercia mezcla
370 3401 1965 3451 de pereza y de abandono Bajo su nocivo
370 3473 1953 3523 influjo vejetamos vergonzosamente. Esa pos-
370 3545 1965 3601 tración moral en que cae el individuo le crea
388 3622 1953 3672 una existencia ficticia dentro de cuyos límites
382 3700 1971 3762 participa empero de las zozobras y disgustos
370 3772 1953 3828 mundanos. Muerto para la sociedad, no dis-
382 3843 1971 3899 fruta de la paz del sepulero; vive en medio
370 3921 1947 3977 de un sueño lleno de pasadillas, y el torpe
388 3999 1953 4055 letargo turbado por contínuos sobresaltos, le
370 4076 1965 4126 ocasiona un malestar parecido al que sentía
370 4148 1965 4204 el durmiente despierto del lindo cuento
382 4220 669 4288 oriental.
878 4309 1487 4359 LA PULCRITUD
454 4387 1959 4437 Empleada fuera de tiempo con abuso se
376 4465 1965 4515 bastardea y toma el nombre de remilgo; bien
370 4536 1965 4592 comprendida constituye una de las prendas
394 4620 1965 4676 personales que más honran. Nunca estorba la
370 4686 1941 4748 pulcritud ni en las bagatelas. Digna me pa-
370 4763 1959 4819 rece de mayor interés en los actos de alguna
376 4835 1953 4891 trascendencia. Si por pulcritud entiéndese el
370 4907 1959 4963 cuidadado escrupuloso de la limpieza, su pu-
370 4990 1947 5040 limento por decirlo así, y conseguirlo cuesta
370 5062 1959 5112 siempre cierto esfuerzo de atención ¿no creeis
376 5140 1941 5196 que al prodigarla en exterioridades corremos
370 5206 1941 5261 el peligro de malgastarla toda en los detalles?
370 5283 1959 5339 Empeñémonos antes que nada en raciocinar
358 5361 1941 5435 y proceder pulcramente. La pulcritud de ra-
2031 4984 3638 5040 ciocinio trae consigo un perfecto conocimiento
2043 5056 3638 5112 de las cosas; la pulcritud de conducta pro¬
2049 5140 3638 5196 porciona el más dulce reposo de conciencia,
2043 5211 3644 5267 y la alianza de ambas, da por resultado la
2031 5289 2670 5345 bondad de acción.
2186 683 3506 745 Dos benemeritas de la humanidad
2676 946 3028 1002 (Conclusión)
2114 1012 3650 1086 Cosa corriente en la vida diaria es la de que
2055 1096 3655 1175 para reconocer una cosa cuando se la ve, ha
2043 1179 3650 1235 debido vérsela antes, clara é indistintamente,
2043 1239 3638 1307 dejando grabada su imágen mental en el pen-
2043 1317 3632 1390 samiento. La lectura es simplemente un pro-
2043 1394 3638 1462 ceso de reconocimiento por medio de las imá-
2049 1472 3638 1546 genes de las palabars almacenadas en la mente.
2049 1550 3644 1617 Charles Gilman carecía de esta provisión de
2049 1633 3626 1701 palabras, por que él no las había visto nunca,
2043 1699 3632 1767 siendo borrosa la impresión con que habían
2043 1777 3644 1838 herido su mente. Su condición era peor que
2043 1854 3620 1922 la del niño que comenza á aprender la cartilla,
2043 1926 3626 1994 porque él tenía que deshacer todas las imá-
2043 2004 3638 2077 genes borrosas que había adquirido paciente-
2043 2075 3644 2137 mente en los siete años de escuela, cuando
2043 2159 3638 2215 nadie sospechaba su mal. Palabra por palabra
2049 2225 3638 2281 tenía que abastecer ahora su celebro en la
2043 2308 3632 2364 forma que las veía por medio de las gafas.
2049 2374 3620 2436 Para colmo de males, cuando vino á ser des-
2055 2452 3644 2514 cubiertos su defecto, había pasado ya el pe-
2060 2529 3650 2597 ríodo de formación en que el cerebro adquiere
2049 2607 3620 2681 y retiene con mayor facilidad las impresiones.
2043 2691 3638 2746 A pesar de esto, el muchacho aprendió á leer,
2043 2756 3638 2818 á escribir y á pronunciar, y pudo concluir
2043 2834 3632 2890 sus estudios de segunda enseñanza tres años
2055 2912 3632 2968 después del tiempo ordinario que había gastado
2055 2995 2891 3045 en condiciones normales.
2102 3061 3626 3129 El caso de Charles Gilman llamó extraor-
2049 3139 3626 3195 dinariamente la atención y abrió los ojos á
2043 3222 3638 3272 los padres, á los maestros y á las autoridades
2049 3294 3638 3344 de instrucción pública respecto de las causas
2049 3360 3626 3416 del atraso de infinidad de alumnos de las es-
2049 3437 3644 3493 cuelas, en los esfuerzos tenian un resultado
2055 3509 3638 3571 negativo, No quiere esto decir que en todos
2049 3593 3644 3649 los defectos de pronunciación y comprensión
2043 3670 3626 3726 dependan exclusivamente de los de la vista;
2049 3736 3626 3804 pero el Dr. Witmer declara que en larga prác-
2043 3808 3626 3870 tica desde aquel día, siempre han estado aso-
2049 3891 3632 3941 ciados esos defectos á otros en todos los casos
2055 3957 3626 4025 que ha examinado, y esto se confirma con de-
2055 4041 3626 4097 claraciones le otras personas. El Dr. Cronin,
2055 4118 3638 4168 de Nueva York alirma en un estudio reciente
2049 4190 3626 4252 que el treinta por ciento de los niños que asisten
2031 4268 3632 4318 á las escuelas esta afectado de defectos de la
2049 4333 3638 4395 vista; en Chiengo esa proporción es de treinta
2049 4417 3626 4479 y dos por ciento y en otros Estados se ha
2049 4489 3626 4539 ostablecido más ó menos igual. La mayor parte
2049 4560 3638 4616 de estos defectos pueden corregirse fácilmente
2037 4632 3632 4688 con el uso oportuno de gafas, pero cuando se
2043 4710 3626 4766 ha logrado esto no se ha ganado sino la mitad
2043 4781 3626 4843 de la batalla si el discípulo ha pasado algunos
2461 4865 3196 4915 Termina en la página 230
3303 5355 3548 5417 ELENA.
