<?xml version="1.0" encoding="UTF-8" standalone="yes"?>
<PcGts xmlns="http://schema.primaresearch.org/PAGE/gts/pagecontent/2013-07-15" xmlns:xsi="http://www.w3.org/2001/XMLSchema-instance" xsi:schemaLocation="http://schema.primaresearch.org/PAGE/gts/pagecontent/2013-07-15 http://schema.primaresearch.org/PAGE/gts/pagecontent/2013-07-15/pagecontent.xsd">
    <Metadata>
        <Creator>prov=READ-COOP:name=PyLaia@TranskribusPlatform:version=2.33.0:model_id=419461:lm=provided:date=26_10_2025_00:23</Creator>
        <Created>2025-10-25T14:26:41.964298</Created>
        <LastChange>2025-12-01T09:31:59.494+01:00</LastChange>
        <TranskribusMetadata docId="11368283" pageId="104384763" pageNr="34" tsid="263332573" status="FINAL" userId="30120" imgUrl="https://files.transkribus.eu/Get?fileType=view&amp;id=DYXFLURPPTXLTPNIXYUFMNSO" xmlUrl="https://files.transkribus.eu/Get?id=HCMVZBKXVLOUKXJCYMAUJUNM" imageId="87594552"/>
    </Metadata>
    <Page imageFilename="0034_1909_nov_8_page10.jpg" imageWidth="3982" imageHeight="6140">
        <ReadingOrder>
            <OrderedGroup id="ro_1781166664926" caption="Regions reading order">
                <RegionRefIndexed index="0" regionRef="tr_1761395303"/>
                <RegionRefIndexed index="1" regionRef="tr_1761395302"/>
                <RegionRefIndexed index="2" regionRef="tr_1761395297"/>
                <RegionRefIndexed index="3" regionRef="tr_1761395296"/>
                <RegionRefIndexed index="4" regionRef="tr_1761395294"/>
                <RegionRefIndexed index="5" regionRef="tr_1761395293"/>
                <RegionRefIndexed index="6" regionRef="tr_1761395299"/>
                <RegionRefIndexed index="7" regionRef="tr_1761395298"/>
                <RegionRefIndexed index="8" regionRef="r_1"/>
                <RegionRefIndexed index="9" regionRef="tr_1761395295"/>
                <RegionRefIndexed index="10" regionRef="r_2"/>
                <RegionRefIndexed index="11" regionRef="tr_1761395300"/>
                <RegionRefIndexed index="12" regionRef="r"/>
            </OrderedGroup>
        </ReadingOrder>
        <TextRegion id="tr_1761395303" custom="readingOrder {index:0;}">
            <Coords points="281,372 1369,372 1369,497 281,497"/>
            <TextLine id="tr_1761395303_tl_1" custom="readingOrder {index:0;}">
                <Coords points="441,408 597,408 597,458 441,458"/>
                <Baseline points="441,453 531,453 597,453"/>
                <TextEquiv>
                    <Unicode>230</Unicode>
                </TextEquiv>
            </TextLine>
            <TextEquiv>
                <Unicode></Unicode>
            </TextEquiv>
        </TextRegion>
        <TextRegion id="tr_1761395302" custom="readingOrder {index:1;}">
            <Coords points="328,374 698,374 698,503 328,503"/>
            <TextEquiv>
                <Unicode></Unicode>
            </TextEquiv>
        </TextRegion>
        <TextRegion id="tr_1761395297" custom="readingOrder {index:2;}">
            <Coords points="662,355 3307,355 3307,488 662,488"/>
            <TextLine id="tr_1761395297_tl_1" custom="readingOrder {index:0;}">
                <Coords points="1672,379 1809,391 2168,373 2168,423 2078,435 1672,429"/>
                <Baseline points="1672,424 1720,430 1809,436 1899,430 1988,430 2078,430 2168,418"/>
                <TextEquiv>
                    <Unicode>"FILIPINAS"</Unicode>
                </TextEquiv>
            </TextLine>
            <TextEquiv>
                <Unicode></Unicode>
            </TextEquiv>
        </TextRegion>
        <TextRegion id="tr_1761395296" custom="readingOrder {index:3;}">
            <Coords points="312,518 1959,518 1959,922 312,922"/>
            <TextLine id="tr_1761395296_tl_2" custom="readingOrder {index:0;}">
                <Coords points="459,737 1606,725 1606,775 459,787"/>
                <Baseline points="459,782 531,776 621,776 710,776 800,776 889,776 979,770 1069,770 1158,764 1248,770 1337,770 1427,770 1517,764 1606,770"/>
                <TextEquiv>
                    <Unicode>CONOCIMIENTOS ÚTILES</Unicode>
                </TextEquiv>
            </TextLine>
            <TextEquiv>
                <Unicode></Unicode>
            </TextEquiv>
        </TextRegion>
        <TextRegion id="tr_1761395294" custom="readingOrder {index:4;}">
            <Coords points="282,889 1951,889 1951,2602 282,2602"/>
            <TextLine id="tr_1761395294_tl_2" custom="readingOrder {index:0;}">
                <Coords points="388,994 1899,976 1899,1026 1809,1032 388,1044"/>
                <Baseline points="388,1039 465,1039 555,1039 645,1033 734,1033 824,1033 913,1033 1003,1033 1093,1033 1182,1033 1272,1033 1361,1027 1451,1027 1540,1027 1630,1027 1720,1027 1809,1027 1899,1021"/>
                <TextEquiv>
                    <Unicode>Al planchar la seda debe cubrirse con papel</Unicode>
                </TextEquiv>
            </TextLine>
            <TextLine id="tr_1761395294_tl_3" custom="readingOrder {index:1;}">
                <Coords points="316,1077 1899,1059 1899,1109 316,1127"/>
                <Baseline points="316,1122 376,1116 465,1116 555,1116 645,1116 734,1116 824,1110 913,1104 1003,1110 1093,1110 1182,1104 1272,1104 1361,1104 1451,1104 1540,1104 1630,1098 1720,1098 1809,1098 1899,1104"/>
                <TextEquiv>
                    <Unicode>delgado para evitar que el tejido saque lustre.</Unicode>
                </TextEquiv>
            </TextLine>
            <TextLine id="tr_1761395294_tl_4" custom="readingOrder {index:2;}">
                <Coords points="388,1143 1899,1125 1899,1175 388,1193"/>
                <Baseline points="388,1188 465,1188 555,1188 645,1182 734,1182 824,1182 913,1182 1003,1182 1093,1182 1182,1182 1272,1176 1361,1176 1451,1176 1540,1176 1630,1176 1720,1176 1809,1170 1899,1170"/>
                <TextEquiv>
                    <Unicode>Cuando se sospeche que están húmedas las</Unicode>
                </TextEquiv>
            </TextLine>
            <TextLine id="tr_1761395294_tl_5" custom="readingOrder {index:3;}">
                <Coords points="328,1221 1893,1203 1893,1253 328,1271"/>
                <Baseline points="328,1266 370,1272 459,1266 549,1260 639,1260 728,1266 818,1260 907,1260 997,1260 1087,1260 1176,1260 1266,1260 1355,1254 1445,1248 1535,1254 1624,1254 1714,1248 1803,1248 1893,1248"/>
                <TextEquiv>
                    <Unicode>ropas de una cama, se mete durante unos</Unicode>
                </TextEquiv>
            </TextLine>
            <TextLine id="tr_1761395294_tl_6" custom="readingOrder {index:4;}">
                <Coords points="316,1298 1905,1280 1905,1330 316,1348"/>
                <Baseline points="316,1343 382,1343 471,1343 561,1337 651,1337 740,1337 830,1337 919,1331 1009,1331 1098,1331 1188,1331 1278,1331 1367,1331 1457,1337 1546,1331 1636,1331 1726,1325 1815,1325 1905,1325"/>
                <TextEquiv>
                    <Unicode>minutos entre las sábanas un espejito. Si hay</Unicode>
                </TextEquiv>
            </TextLine>
            <TextLine id="tr_1761395294_tl_7" custom="readingOrder {index:5;}">
                <Coords points="322,1382 1445,1364 1445,1414 322,1432"/>
                <Baseline points="322,1427 370,1421 459,1415 549,1415 639,1415 728,1409 818,1415 907,1409 997,1409 1087,1403 1176,1409 1266,1409 1355,1409 1445,1409"/>
                <TextEquiv>
                    <Unicode>humedad el cristal se empañará.</Unicode>
                </TextEquiv>
            </TextLine>
            <TextLine id="tr_1761395294_tl_8" custom="readingOrder {index:6;}">
                <Coords points="400,1448 1899,1430 1899,1480 400,1498"/>
                <Baseline points="400,1493 465,1493 555,1493 645,1487 734,1487 824,1487 913,1487 1003,1481 1093,1481 1182,1481 1272,1481 1361,1475 1451,1475 1540,1475 1630,1475 1720,1475 1809,1475 1899,1475"/>
                <TextEquiv>
                    <Unicode>Tan sencillo procedimiento debe emplearse</Unicode>
                </TextEquiv>
            </TextLine>
            <TextLine id="tr_1761395294_tl_9" custom="readingOrder {index:7;}">
                <Coords points="328,1519 1911,1501 1911,1551 328,1569"/>
                <Baseline points="328,1564 388,1570 477,1570 567,1564 657,1564 746,1558 836,1558 925,1558 1015,1558 1104,1558 1194,1558 1284,1558 1373,1552 1463,1552 1552,1552 1642,1546 1732,1546 1821,1546 1911,1546"/>
                <TextEquiv>
                    <Unicode>tiempre que se esté de viaje, porque el dormir</Unicode>
                </TextEquiv>
            </TextLine>
            <TextLine id="tr_1761395294_tl_10" custom="readingOrder {index:8;}">
                <Coords points="316,1603 1899,1573 1899,1623 1809,1629 316,1653"/>
                <Baseline points="316,1648 376,1648 465,1642 555,1642 645,1642 734,1642 824,1636 913,1636 1003,1636 1093,1636 1182,1636 1272,1630 1361,1630 1451,1630 1540,1630 1630,1630 1720,1624 1809,1624 1899,1618"/>
                <TextEquiv>
                    <Unicode>en cama húmeda es causa de muchas enfer-</Unicode>
                </TextEquiv>
            </TextLine>
            <TextLine id="tr_1761395294_tl_11" custom="readingOrder {index:9;}">
                <Coords points="322,1681 639,1681 639,1731 322,1731"/>
                <Baseline points="322,1726 412,1720 501,1720 591,1720 639,1726"/>
                <TextEquiv>
                    <Unicode>medades.</Unicode>
                </TextEquiv>
            </TextLine>
            <TextLine id="tr_1761395294_tl_12" custom="readingOrder {index:10;}">
                <Coords points="382,1746 1911,1734 1911,1784 382,1796"/>
                <Baseline points="382,1791 388,1791 477,1791 567,1785 657,1785 746,1779 836,1779 925,1779 1015,1779 1104,1779 1194,1779 1284,1773 1373,1773 1463,1773 1552,1773 1642,1773 1732,1773 1821,1773 1911,1779"/>
                <TextEquiv>
                    <Unicode>En todos los casos de envenenamiento conviene</Unicode>
                </TextEquiv>
            </TextLine>
            <TextLine id="tr_1761395294_tl_13" custom="readingOrder {index:11;}">
                <Coords points="328,1830 1905,1812 1905,1862 328,1880"/>
                <Baseline points="328,1875 382,1875 471,1869 561,1869 651,1863 740,1863 830,1863 919,1857 1009,1857 1098,1857 1188,1857 1278,1857 1367,1857 1457,1857 1546,1851 1636,1851 1726,1851 1815,1851 1905,1857"/>
                <TextEquiv>
                    <Unicode>que el paciente beba gran cantidad de leche,</Unicode>
                </TextEquiv>
            </TextLine>
            <TextLine id="tr_1761395294_tl_14" custom="readingOrder {index:12;}">
                <Coords points="328,1902 1672,1884 1672,1934 328,1952"/>
                <Baseline points="328,1947 418,1947 507,1941 597,1941 686,1941 776,1935 866,1935 955,1935 1045,1935 1134,1935 1224,1935 1314,1935 1403,1935 1493,1929 1582,1929 1672,1929"/>
                <TextEquiv>
                    <Unicode>huevos batidos y hasta harina y agua.</Unicode>
                </TextEquiv>
            </TextLine>
            <TextLine id="tr_1761395294_tl_15" custom="readingOrder {index:13;}">
                <Coords points="400,1973 1899,1949 1899,1999 1809,2005 400,2023"/>
                <Baseline points="400,2018 465,2018 555,2018 645,2012 734,2012 824,2012 913,2012 1003,2006 1093,2006 1182,2006 1272,2012 1361,2006 1451,2006 1540,2006 1630,2006 1720,2000 1809,2000 1899,1994"/>
                <TextEquiv>
                    <Unicode>Todo ello tiende á diluir el veneno y á fa-</Unicode>
                </TextEquiv>
            </TextLine>
            <TextLine id="tr_1761395294_tl_16" custom="readingOrder {index:14;}">
                <Coords points="340,2051 1302,2045 1302,2095 340,2101"/>
                <Baseline points="340,2096 406,2096 495,2096 585,2090 674,2090 764,2084 854,2084 943,2084 1033,2084 1122,2084 1212,2084 1302,2090"/>
                <TextEquiv>
                    <Unicode>cilitar la acción del emético.</Unicode>
                </TextEquiv>
            </TextLine>
            <TextLine id="tr_1761395294_tl_17" custom="readingOrder {index:15;}">
                <Coords points="400,2123 1911,2105 1911,2155 400,2173"/>
                <Baseline points="400,2168 477,2168 567,2168 657,2168 746,2162 836,2162 925,2156 1015,2156 1104,2156 1194,2156 1284,2156 1373,2156 1463,2156 1552,2150 1642,2150 1732,2156 1821,2150 1911,2150"/>
                <TextEquiv>
                    <Unicode>En estos casos debe administrarse cuanto</Unicode>
                </TextEquiv>
            </TextLine>
            <TextLine id="tr_1761395294_tl_18" custom="readingOrder {index:16;}">
                <Coords points="322,2206 1923,2182 1923,2232 322,2256"/>
                <Baseline points="322,2251 400,2245 489,2245 579,2245 668,2239 758,2239 848,2239 937,2239 1027,2233 1116,2233 1206,2233 1296,2233 1385,2227 1475,2227 1564,2227 1654,2227 1744,2227 1833,2227 1923,2227"/>
                <TextEquiv>
                    <Unicode>antes un vomitivo, á no ser que los labios se</Unicode>
                </TextEquiv>
            </TextLine>
            <TextLine id="tr_1761395294_tl_19" custom="readingOrder {index:17;}">
                <Coords points="340,2290 1923,2254 1923,2304 1744,2316 340,2340"/>
                <Baseline points="340,2335 400,2323 489,2317 579,2317 668,2317 758,2317 848,2311 937,2311 1027,2311 1116,2311 1206,2311 1296,2305 1385,2305 1475,2305 1564,2305 1654,2305 1744,2311 1833,2305 1923,2299"/>
                <TextEquiv>
                    <Unicode>pongan como quemados, lo cual es signo de</Unicode>
                </TextEquiv>
            </TextLine>
            <TextLine id="tr_1761395294_tl_20" custom="readingOrder {index:18;}">
                <Coords points="346,2362 1654,2338 1654,2388 346,2412"/>
                <Baseline points="346,2407 400,2401 489,2395 579,2389 668,2389 758,2389 848,2389 937,2383 1027,2383 1116,2383 1206,2383 1296,2383 1385,2383 1475,2383 1564,2377 1654,2383"/>
                <TextEquiv>
                    <Unicode>que el veneno es de natural corrosivo.</Unicode>
                </TextEquiv>
            </TextLine>
            <TextLine id="tr_1761395294_tl_21" custom="readingOrder {index:19;}">
                <Coords points="406,2427 1929,2409 1929,2459 406,2477"/>
                <Baseline points="406,2472 495,2466 585,2466 674,2466 764,2466 854,2466 943,2460 1033,2460 1122,2460 1212,2460 1302,2460 1391,2454 1481,2454 1570,2454 1660,2454 1750,2454 1839,2454 1929,2454"/>
                <TextEquiv>
                    <Unicode>El verdin se quita del metal muy fácilmente</Unicode>
                </TextEquiv>
            </TextLine>
            <TextLine id="tr_1761395294_tl_22" custom="readingOrder {index:20;}">
                <Coords points="346,2511 1917,2493 1917,2543 346,2561"/>
                <Baseline points="346,2556 394,2550 483,2550 573,2550 662,2550 752,2544 842,2544 931,2544 1021,2544 1110,2538 1200,2538 1290,2538 1379,2538 1469,2538 1558,2538 1648,2532 1738,2532 1827,2532 1917,2538"/>
                <TextEquiv>
                    <Unicode>frotándolo con un trapo empapado en amoniaco.</Unicode>
                </TextEquiv>
            </TextLine>
            <TextEquiv>
                <Unicode></Unicode>
            </TextEquiv>
        </TextRegion>
        <TextRegion id="tr_1761395293" custom="readingOrder {index:5;}">
            <Coords points="341,2592 1917,2592 1917,2748 341,2748"/>
            <TextLine id="tr_1761395293_tl_1" custom="readingOrder {index:0;}">
                <Coords points="507,2666 1767,2648 1767,2698 507,2716"/>
                <Baseline points="507,2711 513,2717 603,2705 692,2705 782,2705 872,2705 961,2705 1051,2705 1140,2699 1230,2699 1319,2699 1409,2699 1499,2699 1588,2699 1678,2693 1767,2693"/>
                <TextEquiv>
                    <Unicode>Nueva Administradora</Unicode>
                </TextEquiv>
            </TextLine>
            <TextEquiv>
                <Unicode></Unicode>
            </TextEquiv>
        </TextRegion>
        <TextRegion id="tr_1761395299" custom="readingOrder {index:6;}">
            <Coords points="273,2721 1952,2721 1952,3573 273,3573"/>
            <TextLine id="tr_1761395299_tl_1" custom="readingOrder {index:0;}">
                <Coords points="430,2786 1923,2774 1923,2824 430,2836"/>
                <Baseline points="430,2831 489,2825 579,2825 668,2825 758,2825 848,2825 937,2825 1027,2825 1116,2819 1206,2819 1296,2819 1385,2819 1475,2819 1564,2813 1654,2813 1744,2813 1833,2813 1923,2819"/>
                <TextEquiv>
                    <Unicode>Por estar delicada de salud la Srta.</Unicode>
                </TextEquiv>
            </TextLine>
            <TextLine id="tr_1761395299_tl_2" custom="readingOrder {index:1;}">
                <Coords points="340,2875 1923,2851 1923,2901 1833,2907 340,2925"/>
                <Baseline points="340,2920 400,2920 489,2920 579,2920 668,2914 758,2908 848,2908 937,2908 1027,2908 1116,2908 1206,2914 1296,2908 1385,2908 1475,2908 1564,2902 1654,2908 1744,2902 1833,2902 1923,2896"/>
                <TextEquiv>
                    <Unicode>Francisca Gesmundo, ha sido nom-</Unicode>
                </TextEquiv>
            </TextLine>
            <TextLine id="tr_1761395299_tl_3" custom="readingOrder {index:2;}">
                <Coords points="340,2971 1929,2941 1929,2991 1839,2997 340,3021"/>
                <Baseline points="340,3016 406,3016 495,3010 585,3010 674,3010 764,3004 854,3004 943,2998 1033,2998 1122,2998 1212,2998 1302,2998 1391,2998 1481,2992 1570,2992 1660,2992 1750,2992 1839,2992 1929,2986"/>
                <TextEquiv>
                    <Unicode>brada para sustituirla en la adminis-</Unicode>
                </TextEquiv>
            </TextLine>
            <TextLine id="tr_1761395299_tl_4" custom="readingOrder {index:3;}">
                <Coords points="340,3054 1917,3042 1917,3092 340,3104"/>
                <Baseline points="340,3099 394,3099 483,3099 573,3099 662,3093 752,3093 842,3087 931,3087 1021,3087 1110,3087 1200,3087 1290,3087 1379,3081 1469,3081 1558,3087 1648,3087 1738,3081 1827,3081 1917,3087"/>
                <TextEquiv>
                    <Unicode>tración de esta revista la Sra. Rosario</Unicode>
                </TextEquiv>
            </TextLine>
            <TextLine id="tr_1761395299_tl_5" custom="readingOrder {index:4;}">
                <Coords points="340,3150 1905,3126 1905,3176 1815,3182 340,3200"/>
                <Baseline points="340,3195 382,3195 471,3189 561,3189 651,3183 740,3183 830,3183 919,3183 1009,3183 1098,3183 1188,3177 1278,3177 1367,3177 1457,3177 1546,3171 1636,3177 1726,3171 1815,3177 1905,3171"/>
                <TextEquiv>
                    <Unicode>Lam de Escobar, por lo que partici-</Unicode>
                </TextEquiv>
            </TextLine>
            <TextLine id="tr_1761395299_tl_6" custom="readingOrder {index:5;}">
                <Coords points="358,3251 1929,3216 1929,3266 1839,3272 358,3301"/>
                <Baseline points="358,3296 406,3285 495,3279 585,3273 674,3273 764,3273 854,3273 943,3273 1033,3273 1122,3267 1212,3267 1302,3267 1391,3261 1481,3261 1570,3267 1660,3273 1750,3267 1839,3267 1929,3261"/>
                <TextEquiv>
                    <Unicode>pamos á nuestras favorecedoras para su</Unicode>
                </TextEquiv>
            </TextLine>
            <TextLine id="tr_1761395299_tl_7" custom="readingOrder {index:6;}">
                <Coords points="334,3335 883,3317 883,3367 334,3385"/>
                <Baseline points="334,3380 346,3380 436,3374 525,3368 615,3368 704,3362 794,3362 883,3362"/>
                <TextEquiv>
                    <Unicode>conocimiento.</Unicode>
                </TextEquiv>
            </TextLine>
            <TextLine id="tr_1761395299_tl_8" custom="readingOrder {index:7;}">
                <Coords points="645,3508 1642,3496 1642,3546 645,3558"/>
                <Baseline points="645,3553 657,3547 746,3541 836,3535 925,3535 1015,3535 1104,3535 1194,3535 1284,3535 1373,3535 1463,3535 1552,3535 1642,3541"/>
                <TextEquiv>
                    <Unicode>AVISO IMPORTANTE.</Unicode>
                </TextEquiv>
            </TextLine>
            <TextEquiv>
                <Unicode></Unicode>
            </TextEquiv>
        </TextRegion>
        <TextRegion id="tr_1761395298" custom="readingOrder {index:7;}">
            <Coords points="332,3321 1935,3321 1935,5654 332,5654"/>
            <TextLine id="tr_1761395298_tl_1" custom="readingOrder {index:0;}">
                <Coords points="424,3592 1917,3568 1917,3618 1827,3630 424,3642"/>
                <Baseline points="424,3637 483,3637 573,3637 662,3637 752,3631 842,3625 931,3625 1021,3631 1110,3625 1200,3625 1290,3625 1379,3631 1469,3625 1558,3625 1648,3631 1738,3625 1827,3625 1917,3613"/>
                <TextEquiv>
                    <Unicode>Hacemos constar por medio del pre-</Unicode>
                </TextEquiv>
            </TextLine>
            <TextLine id="tr_1761395298_tl_2" custom="readingOrder {index:1;}">
                <Coords points="340,3682 1905,3664 1905,3714 1636,3726 340,3732"/>
                <Baseline points="340,3727 382,3732 471,3732 561,3727 651,3721 740,3721 830,3715 919,3721 1009,3715 1098,3715 1188,3715 1278,3721 1367,3727 1457,3715 1546,3715 1636,3721 1726,3715 1815,3709 1905,3709"/>
                <TextEquiv>
                    <Unicode>sente aviso une todo el pago que se</Unicode>
                </TextEquiv>
            </TextLine>
            <TextLine id="tr_1761395298_tl_3" custom="readingOrder {index:2;}">
                <Coords points="346,3777 1935,3759 1935,3809 346,3827"/>
                <Baseline points="346,3822 412,3822 501,3822 591,3816 680,3810 770,3810 860,3810 949,3810 1039,3804 1128,3804 1218,3804 1308,3804 1397,3804 1487,3804 1576,3804 1666,3804 1755,3798 1845,3804 1935,3804"/>
                <TextEquiv>
                    <Unicode>haga sin la firina de la Administradora</Unicode>
                </TextEquiv>
            </TextLine>
            <TextLine id="tr_1761395298_tl_4" custom="readingOrder {index:3;}">
                <Coords points="346,3867 1929,3855 1929,3905 346,3917"/>
                <Baseline points="346,3912 406,3906 495,3912 585,3912 674,3906 764,3900 854,3900 943,3900 1033,3894 1122,3894 1212,3888 1302,3894 1391,3888 1481,3894 1570,3894 1660,3894 1750,3894 1839,3894 1929,3900"/>
                <TextEquiv>
                    <Unicode>Sra. La y sin el sello de esta revista</Unicode>
                </TextEquiv>
            </TextLine>
            <TextLine id="tr_1761395298_tl_5" custom="readingOrder {index:4;}">
                <Coords points="358,3956 1911,3938 1911,3988 358,4006"/>
                <Baseline points="358,4001 388,4001 477,3995 567,3995 657,3989 746,3989 836,3989 925,3983 1015,3983 1104,3977 1194,3983 1284,3983 1373,3983 1463,3983 1552,3983 1642,3983 1732,3983 1821,3983 1911,3983"/>
                <TextEquiv>
                    <Unicode>so quedará sin efecto y de ningun valor.</Unicode>
                </TextEquiv>
            </TextLine>
            <TextLine id="tr_1761395298_tl_6" custom="readingOrder {index:5;}">
                <Coords points="447,4034 1923,4022 1923,4072 1833,4078 447,4084"/>
                <Baseline points="447,4079 489,4079 579,4085 668,4079 758,4079 848,4085 937,4079 1027,4079 1116,4079 1206,4073 1296,4073 1385,4073 1475,4073 1564,4073 1654,4073 1744,4073 1833,4073 1923,4067"/>
                <TextEquiv>
                    <Unicode>También participamos á nuestras fa-</Unicode>
                </TextEquiv>
            </TextLine>
            <TextLine id="tr_1761395298_tl_7" custom="readingOrder {index:6;}">
                <Coords points="352,4129 1929,4118 1929,4168 352,4179"/>
                <Baseline points="352,4174 406,4180 495,4180 585,4174 674,4174 764,4174 854,4174 943,4168 1033,4168 1122,4163 1212,4163 1302,4163 1391,4163 1481,4163 1570,4163 1660,4163 1750,4163 1839,4163 1929,4163"/>
                <TextEquiv>
                    <Unicode>vorecedoras que la redacción y la ad-</Unicode>
                </TextEquiv>
            </TextLine>
            <TextLine id="tr_1761395298_tl_8" custom="readingOrder {index:7;}">
                <Coords points="352,4225 1935,4201 1935,4251 1845,4257 352,4275"/>
                <Baseline points="352,4270 412,4270 501,4270 591,4264 680,4264 770,4264 860,4258 949,4258 1039,4252 1128,4246 1218,4252 1308,4252 1397,4252 1487,4252 1576,4252 1666,4252 1755,4252 1845,4252 1935,4246"/>
                <TextEquiv>
                    <Unicode>ministración de este semanario se ha</Unicode>
                </TextEquiv>
            </TextLine>
            <TextLine id="tr_1761395298_tl_9" custom="readingOrder {index:8;}">
                <Coords points="352,4315 1917,4291 1917,4341 1827,4347 352,4365"/>
                <Baseline points="352,4360 394,4360 483,4360 573,4354 662,4354 752,4354 842,4348 931,4348 1021,4348 1110,4348 1200,4342 1290,4342 1379,4342 1469,4342 1558,4342 1648,4342 1738,4342 1827,4342 1917,4336"/>
                <TextEquiv>
                    <Unicode>trasladado á la calle de la Escolta nú-</Unicode>
                </TextEquiv>
            </TextLine>
            <TextLine id="tr_1761395298_tl_10" custom="readingOrder {index:9;}">
                <Coords points="376,4410 1540,4392 1540,4442 376,4460"/>
                <Baseline points="376,4455 465,4449 555,4449 645,4443 734,4443 824,4443 913,4443 1003,4437 1093,4437 1182,4437 1272,4431 1361,4431 1451,4431 1540,4437"/>
                <TextEquiv>
                    <Unicode>mero 75 Cnarto no 5, Manila.</Unicode>
                </TextEquiv>
            </TextLine>
            <TextLine id="tr_1761395298_tl_11" custom="readingOrder {index:10;}">
                <Coords points="1057,4482 1857,4476 1857,4526 1057,4532"/>
                <Baseline points="1057,4527 1140,4527 1230,4521 1319,4521 1409,4521 1499,4521 1588,4521 1678,4521 1767,4521 1857,4521"/>
                <TextEquiv>
                    <Unicode>LA ADMINISTRACION.</Unicode>
                </TextEquiv>
            </TextLine>
            <TextEquiv>
                <Unicode></Unicode>
            </TextEquiv>
        </TextRegion>
        <TextRegion id="r_1" custom="readingOrder {index:8;}">
            <Coords points="357,4606 1928,4606 1928,5502 357,5502"/>
            <TextLine id="l" custom="readingOrder {index:0;}">
                <Coords points="419,4686 1849,4673 1849,4643 419,4656"/>
                <Baseline points="419,4686 1849,4673"/>
                <TextEquiv>
                    <Unicode>REGALOS PARA LA NAVIDAD.</Unicode>
                </TextEquiv>
            </TextLine>
            <TextLine id="tr_1761395298_tl_13" custom="readingOrder {index:1;}">
                <Coords points="453,4763 1929,4739 1929,4789 453,4813"/>
                <Baseline points="453,4808 495,4808 585,4802 674,4802 764,4796 854,4790 943,4790 1033,4790 1122,4790 1212,4790 1302,4790 1391,4790 1481,4790 1570,4790 1660,4790 1750,4790 1839,4784 1929,4784"/>
                <TextEquiv>
                    <Unicode>Habiendo sido un éxito la competen-</Unicode>
                </TextEquiv>
            </TextLine>
            <TextLine id="tr_1761395298_tl_14" custom="readingOrder {index:2;}">
                <Coords points="364,4852 1929,4840 1929,4890 364,4902"/>
                <Baseline points="364,4897 406,4897 495,4891 585,4891 674,4891 764,4885 854,4885 943,4885 1033,4879 1122,4879 1212,4879 1302,4879 1391,4885 1481,4879 1570,4879 1660,4879 1750,4879 1839,4873 1929,4885"/>
                <TextEquiv>
                    <Unicode>cia que hemos abierto, y, á petición</Unicode>
                </TextEquiv>
            </TextLine>
            <TextLine id="tr_1761395298_tl_15" custom="readingOrder {index:3;}">
                <Coords points="358,4930 1929,4918 1929,4968 358,4980"/>
                <Baseline points="358,4975 406,4981 495,4981 585,4981 674,4981 764,4975 854,4975 943,4975 1033,4969 1122,4969 1212,4969 1302,4969 1391,4969 1481,4963 1570,4963 1660,4969 1750,4969 1839,4963 1929,4963"/>
                <TextEquiv>
                    <Unicode>de muchas favorecedoras nuestras, nos</Unicode>
                </TextEquiv>
            </TextLine>
            <TextLine id="tr_1761395298_tl_16" custom="readingOrder {index:4;}">
                <Coords points="352,5031 1935,5007 1935,5057 352,5081"/>
                <Baseline points="352,5076 412,5076 501,5070 591,5070 680,5070 770,5064 860,5064 949,5058 1039,5052 1128,5058 1218,5058 1308,5058 1397,5052 1487,5052 1576,5052 1666,5052 1755,5052 1845,5052 1935,5052"/>
                <TextEquiv>
                    <Unicode>hemos propuesto abrir otra como obse-</Unicode>
                </TextEquiv>
            </TextLine>
            <TextLine id="tr_1761395298_tl_17" custom="readingOrder {index:5;}">
                <Coords points="358,5127 1941,5097 1941,5147 358,5177"/>
                <Baseline points="358,5172 418,5166 507,5166 597,5166 686,5160 776,5154 866,5154 955,5154 1045,5148 1134,5148 1224,5148 1314,5148 1403,5142 1493,5142 1582,5142 1672,5142 1761,5142 1851,5142 1941,5142"/>
                <TextEquiv>
                    <Unicode>quio para las próximas Pascuas de Na-</Unicode>
                </TextEquiv>
            </TextLine>
            <TextLine id="tr_1761395298_tl_18" custom="readingOrder {index:6;}">
                <Coords points="352,5211 1947,5193 1947,5243 352,5261"/>
                <Baseline points="352,5256 424,5250 513,5256 603,5250 692,5250 782,5244 872,5244 961,5244 1051,5238 1140,5238 1230,5238 1319,5238 1409,5238 1499,5238 1588,5232 1678,5232 1767,5238 1857,5232 1947,5238"/>
                <TextEquiv>
                    <Unicode>vidad. Los regalos consistirán en joyas</Unicode>
                </TextEquiv>
            </TextLine>
            <TextLine id="tr_1761395298_tl_19" custom="readingOrder {index:7;}">
                <Coords points="364,5306 1959,5276 1959,5326 364,5356"/>
                <Baseline points="364,5351 436,5339 525,5339 615,5339 704,5333 794,5333 883,5333 973,5327 1063,5327 1152,5333 1242,5327 1331,5327 1421,5321 1511,5327 1600,5327 1690,5327 1779,5321 1869,5321 1959,5321"/>
                <TextEquiv>
                    <Unicode>y objetos de valor, que expondremos</Unicode>
                </TextEquiv>
            </TextLine>
            <TextLine id="tr_1761395298_tl_20" custom="readingOrder {index:8;}">
                <Coords points="358,5390 1337,5378 1337,5428 358,5440"/>
                <Baseline points="358,5435 441,5435 531,5435 621,5429 710,5429 800,5429 889,5423 979,5423 1069,5423 1158,5417 1248,5417 1337,5423"/>
                <TextEquiv>
                    <Unicode>en el próximo número.</Unicode>
                </TextEquiv>
            </TextLine>
            <TextEquiv>
                <Unicode></Unicode>
            </TextEquiv>
        </TextRegion>
        <TextRegion id="tr_1761395295" custom="readingOrder {index:9;}">
            <Coords points="1950,416 3648,416 3648,5029 1950,5029"/>
            <TextLine id="tr_1761395295_tl_1" custom="readingOrder {index:0;}">
                <Coords points="2257,576 3285,546 3285,596 2257,626"/>
                <Baseline points="2257,621 2299,615 2389,615 2478,609 2568,615 2657,609 2747,609 2837,603 2926,603 3016,603 3105,603 3195,597 3285,591"/>
                <TextEquiv>
                    <Unicode>Dos benemeritas de la humanidad</Unicode>
                </TextEquiv>
            </TextLine>
            <TextLine id="tr_1761395295_tl_2" custom="readingOrder {index:1;}">
                <Coords points="2347,659 3189,641 3189,691 2347,709"/>
                <Baseline points="2347,704 2383,704 2472,698 2562,698 2651,698 2741,698 2831,698 2920,698 3010,692 3099,686 3189,686"/>
                <TextEquiv>
                    <Unicode>Terminación de la página 229</Unicode>
                </TextEquiv>
            </TextLine>
            <TextLine id="tr_1761395295_tl_3" custom="readingOrder {index:2;}">
                <Coords points="1965,755 3565,725 3565,775 1965,805"/>
                <Baseline points="1965,800 2042,794 2132,800 2221,794 2311,794 2401,794 2490,794 2580,794 2669,794 2759,794 2849,788 2938,788 3028,782 3117,782 3207,782 3296,776 3386,770 3476,770 3565,770"/>
                <TextEquiv>
                    <Unicode>años en la escuela, porque, como en el caso</Unicode>
                </TextEquiv>
            </TextLine>
            <TextLine id="tr_1761395295_tl_4" custom="readingOrder {index:3;}">
                <Coords points="1976,827 3559,791 3559,841 3290,859 1976,877"/>
                <Baseline points="1976,872 2036,872 2126,872 2215,872 2305,872 2395,872 2484,866 2574,866 2663,866 2753,866 2843,866 2932,860 3022,860 3111,860 3201,854 3290,854 3380,848 3470,842 3559,836"/>
                <TextEquiv>
                    <Unicode>de Gilman, se tienen que comenzar de nuevo</Unicode>
                </TextEquiv>
            </TextLine>
            <TextLine id="tr_1761395295_tl_5" custom="readingOrder {index:4;}">
                <Coords points="1988,898 3553,880 3553,930 1988,948"/>
                <Baseline points="1988,943 2030,943 2120,943 2209,949 2299,943 2389,943 2478,943 2568,943 2657,943 2747,937 2837,937 2926,937 3016,937 3105,931 3195,937 3285,931 3374,925 3464,919 3553,925"/>
                <TextEquiv>
                    <Unicode>los estudios para almacenar ideas y palabras</Unicode>
                </TextEquiv>
            </TextLine>
            <TextLine id="tr_1761395295_tl_6" custom="readingOrder {index:5;}">
                <Coords points="1982,976 3547,952 3547,1002 1982,1026"/>
                <Baseline points="1982,1021 2024,1021 2114,1021 2203,1021 2293,1021 2383,1021 2472,1015 2562,1015 2651,1021 2741,1015 2831,1015 2920,1015 3010,1009 3099,1009 3189,1009 3279,1003 3368,1003 3458,997 3547,997"/>
                <TextEquiv>
                    <Unicode>en forma correcta, desbaciendo las anteriores</Unicode>
                </TextEquiv>
            </TextLine>
            <TextLine id="tr_1761395295_tl_7" custom="readingOrder {index:6;}">
                <Coords points="1982,1059 2753,1048 2753,1098 1982,1109"/>
                <Baseline points="1982,1104 2036,1104 2126,1098 2215,1093 2305,1093 2395,1093 2484,1093 2574,1093 2663,1093 2753,1093"/>
                <TextEquiv>
                    <Unicode>impresiones defectuosas.</Unicode>
                </TextEquiv>
            </TextLine>
            <TextLine id="tr_1761395295_tl_8" custom="readingOrder {index:7;}">
                <Coords points="2072,1131 3565,1101 3565,1151 2072,1181"/>
                <Baseline points="2072,1176 2132,1176 2221,1170 2311,1164 2401,1164 2490,1170 2580,1164 2669,1164 2759,1164 2849,1164 2938,1158 3028,1158 3117,1158 3207,1152 3296,1152 3386,1152 3476,1146 3565,1146"/>
                <TextEquiv>
                    <Unicode>Nuejas de los muestros á las autoridades de</Unicode>
                </TextEquiv>
            </TextLine>
            <TextLine id="tr_1761395295_tl_9" custom="readingOrder {index:8;}">
                <Coords points="1994,1203 3559,1173 3559,1223 3470,1229 1994,1253"/>
                <Baseline points="1994,1248 2036,1248 2126,1242 2215,1242 2305,1248 2395,1242 2484,1242 2574,1242 2663,1242 2753,1236 2843,1236 2932,1236 3022,1236 3111,1230 3201,1230 3290,1230 3380,1224 3470,1224 3559,1218"/>
                <TextEquiv>
                    <Unicode>instrucción pública de Filadelfia, respecto á</Unicode>
                </TextEquiv>
            </TextLine>
            <TextLine id="tr_1761395295_tl_10" custom="readingOrder {index:9;}">
                <Coords points="1965,1280 3559,1245 3559,1295 3470,1307 1965,1330"/>
                <Baseline points="1965,1325 2036,1325 2126,1319 2215,1319 2305,1319 2395,1319 2484,1319 2574,1314 2663,1319 2753,1314 2843,1314 2932,1314 3022,1308 3111,1308 3201,1308 3290,1302 3380,1302 3470,1302 3559,1290"/>
                <TextEquiv>
                    <Unicode>la deficiencia mental de algunos discípulos que</Unicode>
                </TextEquiv>
            </TextLine>
            <TextLine id="tr_1761395295_tl_11" custom="readingOrder {index:10;}">
                <Coords points="1976,1352 3565,1322 3565,1372 3386,1384 1976,1402"/>
                <Baseline points="1976,1397 2042,1397 2132,1397 2221,1397 2311,1391 2401,1391 2490,1391 2580,1391 2669,1391 2759,1391 2849,1391 2938,1385 3028,1379 3117,1379 3207,1379 3296,1379 3386,1379 3476,1373 3565,1367"/>
                <TextEquiv>
                    <Unicode>estorbaban el adelanto de las clases permane-</Unicode>
                </TextEquiv>
            </TextLine>
            <TextLine id="tr_1761395295_tl_12" custom="readingOrder {index:11;}">
                <Coords points="1988,1424 3547,1406 3547,1456 1988,1474"/>
                <Baseline points="1988,1469 2024,1469 2114,1469 2203,1469 2293,1469 2383,1463 2472,1469 2562,1463 2651,1463 2741,1463 2831,1463 2920,1463 3010,1457 3099,1457 3189,1451 3279,1451 3368,1451 3458,1451 3547,1451"/>
                <TextEquiv>
                    <Unicode>ciendo retrasados en el primer año de estudio,</Unicode>
                </TextEquiv>
            </TextLine>
            <TextLine id="tr_1761395295_tl_13" custom="readingOrder {index:12;}">
                <Coords points="1976,1501 3547,1472 3547,1522 3368,1534 1976,1551"/>
                <Baseline points="1976,1546 2024,1546 2114,1546 2203,1546 2293,1546 2383,1540 2472,1546 2562,1540 2651,1540 2741,1535 2831,1535 2920,1535 3010,1535 3099,1535 3189,1529 3279,1529 3368,1529 3458,1523 3547,1517"/>
                <TextEquiv>
                    <Unicode>indujeron á la Junta de Sanidad á una inves-</Unicode>
                </TextEquiv>
            </TextLine>
            <TextLine id="tr_1761395295_tl_14" custom="readingOrder {index:13;}">
                <Coords points="1982,1573 3553,1561 3553,1611 1982,1623"/>
                <Baseline points="1982,1618 2030,1630 2120,1618 2209,1618 2299,1618 2389,1618 2478,1618 2568,1612 2657,1612 2747,1612 2837,1612 2926,1606 3016,1606 3105,1606 3195,1606 3285,1606 3374,1606 3464,1600 3553,1606"/>
                <TextEquiv>
                    <Unicode>tigación científica y de 1267 niños examinados,</Unicode>
                </TextEquiv>
            </TextLine>
            <TextLine id="tr_1761395295_tl_15" custom="readingOrder {index:14;}">
                <Coords points="1994,1651 3559,1639 3559,1689 1994,1701"/>
                <Baseline points="1994,1696 2036,1702 2126,1696 2215,1696 2305,1696 2395,1696 2484,1690 2574,1690 2663,1690 2753,1690 2843,1690 2932,1690 3022,1684 3111,1684 3201,1684 3290,1678 3380,1678 3470,1678 3559,1684"/>
                <TextEquiv>
                    <Unicode>de los calificados de incorregiblemente perezosos,</Unicode>
                </TextEquiv>
            </TextLine>
            <TextLine id="tr_1761395295_tl_16" custom="readingOrder {index:15;}">
                <Coords points="1988,1728 3547,1705 3547,1755 3458,1760 1988,1778"/>
                <Baseline points="1988,1773 2024,1773 2114,1773 2203,1767 2293,1767 2383,1767 2472,1767 2562,1767 2651,1767 2741,1767 2831,1767 2920,1761 3010,1761 3099,1755 3189,1755 3279,1755 3368,1755 3458,1755 3547,1750"/>
                <TextEquiv>
                    <Unicode>la mayoría hizo rápidos progresos en sus es-</Unicode>
                </TextEquiv>
            </TextLine>
            <TextLine id="tr_1761395295_tl_17" custom="readingOrder {index:16;}">
                <Coords points="1988,1806 3338,1794 3338,1844 1988,1856"/>
                <Baseline points="1988,1851 1994,1851 2084,1845 2174,1839 2263,1845 2353,1839 2442,1839 2532,1839 2622,1839 2711,1839 2801,1839 2890,1839 2980,1839 3070,1833 3159,1833 3249,1833 3338,1839"/>
                <TextEquiv>
                    <Unicode>tudios después de sometida á tratamiento.</Unicode>
                </TextEquiv>
            </TextLine>
            <TextLine id="tr_1761395295_tl_18" custom="readingOrder {index:17;}">
                <Coords points="2060,1878 3565,1860 3565,1910 2060,1928"/>
                <Baseline points="2060,1923 2132,1923 2221,1917 2311,1923 2401,1917 2490,1917 2580,1917 2669,1917 2759,1917 2849,1917 2938,1911 3028,1911 3117,1905 3207,1905 3296,1911 3386,1905 3476,1905 3565,1905"/>
                <TextEquiv>
                    <Unicode>El exámen de estos niños no es á menudo</Unicode>
                </TextEquiv>
            </TextLine>
            <TextLine id="tr_1761395295_tl_19" custom="readingOrder {index:18;}">
                <Coords points="1982,1955 3565,1926 3565,1976 3476,1981 1982,2005"/>
                <Baseline points="1982,2000 2042,1994 2132,1994 2221,1994 2311,2000 2401,2000 2490,1994 2580,1994 2669,1988 2759,1988 2849,1988 2938,1982 3028,1988 3117,1982 3207,1982 3296,1982 3386,1976 3476,1976 3565,1971"/>
                <TextEquiv>
                    <Unicode>tarea fácil, porque los hay fatalmente conde-</Unicode>
                </TextEquiv>
            </TextLine>
            <TextLine id="tr_1761395295_tl_20" custom="readingOrder {index:19;}">
                <Coords points="1994,2033 3559,2003 3559,2053 3470,2059 1994,2083"/>
                <Baseline points="1994,2078 2036,2072 2126,2072 2215,2072 2305,2072 2395,2072 2484,2066 2574,2066 2663,2066 2753,2066 2843,2066 2932,2060 3022,2060 3111,2060 3201,2060 3290,2054 3380,2054 3470,2054 3559,2048"/>
                <TextEquiv>
                    <Unicode>nados por lleves de herencia á imbecilidad é</Unicode>
                </TextEquiv>
            </TextLine>
            <TextLine id="tr_1761395295_tl_21" custom="readingOrder {index:20;}">
                <Coords points="1988,2105 3571,2081 3571,2131 1988,2155"/>
                <Baseline points="1988,2150 2048,2150 2138,2144 2227,2150 2317,2144 2407,2144 2496,2144 2586,2144 2675,2144 2765,2144 2854,2144 2944,2138 3034,2138 3123,2138 3213,2132 3302,2132 3392,2132 3482,2126 3571,2126"/>
                <TextEquiv>
                    <Unicode>idiotismo perdurables. La vista, las condicio-</Unicode>
                </TextEquiv>
            </TextLine>
            <TextLine id="tr_1761395295_tl_22" custom="readingOrder {index:21;}">
                <Coords points="1976,2182 3559,2152 3559,2202 3470,2208 1976,2232"/>
                <Baseline points="1976,2227 2036,2227 2126,2221 2215,2221 2305,2221 2395,2221 2484,2221 2574,2221 2663,2221 2753,2221 2843,2215 2932,2215 3022,2209 3111,2215 3201,2209 3290,2209 3380,2203 3470,2203 3559,2197"/>
                <TextEquiv>
                    <Unicode>nes auditivas, el gusto, el tacto, las condicio-</Unicode>
                </TextEquiv>
            </TextLine>
            <TextLine id="tr_1761395295_tl_23" custom="readingOrder {index:22;}">
                <Coords points="1982,2260 3577,2230 3577,2280 1982,2310"/>
                <Baseline points="1982,2305 2054,2299 2144,2293 2233,2299 2323,2299 2412,2299 2502,2299 2592,2293 2681,2293 2771,2293 2860,2293 2950,2293 3040,2287 3129,2287 3219,2287 3308,2281 3398,2281 3488,2275 3577,2275"/>
                <TextEquiv>
                    <Unicode>nes del olfato, el dominio de los movimientos</Unicode>
                </TextEquiv>
            </TextLine>
            <TextLine id="tr_1761395295_tl_24" custom="readingOrder {index:23;}">
                <Coords points="1994,2338 3577,2314 3577,2364 1994,2388"/>
                <Baseline points="1994,2383 2054,2383 2144,2377 2233,2371 2323,2371 2412,2371 2502,2371 2592,2371 2681,2371 2771,2371 2860,2371 2950,2365 3040,2365 3129,2365 3219,2365 3308,2359 3398,2359 3488,2353 3577,2359"/>
                <TextEquiv>
                    <Unicode>respiratorios, la acción del corazón, la fuerza</Unicode>
                </TextEquiv>
            </TextLine>
            <TextLine id="tr_1761395295_tl_25" custom="readingOrder {index:24;}">
                <Coords points="1988,2403 3577,2379 3577,2429 3488,2435 1988,2453"/>
                <Baseline points="1988,2448 2054,2454 2144,2448 2233,2448 2323,2448 2412,2442 2502,2448 2592,2448 2681,2442 2771,2442 2860,2442 2950,2442 3040,2436 3129,2436 3219,2436 3308,2430 3398,2430 3488,2430 3577,2424"/>
                <TextEquiv>
                    <Unicode>muscular, tienen que ser medidos con instru-</Unicode>
                </TextEquiv>
            </TextLine>
            <TextLine id="tr_1761395295_tl_26" custom="readingOrder {index:25;}">
                <Coords points="1994,2487 3565,2457 3565,2507 1994,2537"/>
                <Baseline points="1994,2532 2042,2526 2132,2526 2221,2520 2311,2526 2401,2520 2490,2520 2580,2520 2669,2520 2759,2520 2849,2514 2938,2520 3028,2514 3117,2514 3207,2508 3296,2508 3386,2508 3476,2502 3565,2502"/>
                <TextEquiv>
                    <Unicode>mentos de precisión; la salud general del pacien-</Unicode>
                </TextEquiv>
            </TextLine>
            <TextLine id="tr_1761395295_tl_27" custom="readingOrder {index:26;}">
                <Coords points="2000,2559 3571,2529 3571,2579 3482,2591 2000,2609"/>
                <Baseline points="2000,2604 2048,2604 2138,2598 2227,2598 2317,2598 2407,2598 2496,2598 2586,2598 2675,2598 2765,2592 2854,2598 2944,2592 3034,2592 3123,2586 3213,2580 3302,2580 3392,2580 3482,2586 3571,2574"/>
                <TextEquiv>
                    <Unicode>te, su nutrición, el sueño, los ejercicios á que</Unicode>
                </TextEquiv>
            </TextLine>
            <TextLine id="tr_1761395295_tl_28" custom="readingOrder {index:27;}">
                <Coords points="1988,2636 3571,2606 3571,2656 3482,2662 1988,2686"/>
                <Baseline points="1988,2681 2048,2675 2138,2675 2227,2675 2317,2675 2407,2675 2496,2669 2586,2669 2675,2669 2765,2669 2854,2669 2944,2663 3034,2663 3123,2663 3213,2663 3302,2657 3392,2657 3482,2657 3571,2651"/>
                <TextEquiv>
                    <Unicode>se entrega, el medio doméstico en que se cría</Unicode>
                </TextEquiv>
            </TextLine>
            <TextLine id="tr_1761395295_tl_29" custom="readingOrder {index:28;}">
                <Coords points="1994,2720 3571,2678 3571,2728 3482,2740 1994,2770"/>
                <Baseline points="1994,2765 2048,2753 2138,2753 2227,2753 2317,2747 2407,2747 2496,2747 2586,2747 2675,2741 2765,2741 2854,2741 2944,2741 3034,2741 3123,2741 3213,2735 3302,2735 3392,2729 3482,2735 3571,2723"/>
                <TextEquiv>
                    <Unicode>y aún la historia de la familia, tienen que</Unicode>
                </TextEquiv>
            </TextLine>
            <TextLine id="tr_1761395295_tl_30" custom="readingOrder {index:29;}">
                <Coords points="1988,2786 3577,2762 3577,2812 1988,2836"/>
                <Baseline points="1988,2831 2054,2825 2144,2825 2233,2825 2323,2825 2412,2825 2502,2825 2592,2825 2681,2819 2771,2819 2860,2819 2950,2819 3040,2819 3129,2813 3219,2807 3308,2807 3398,2807 3488,2807 3577,2807"/>
                <TextEquiv>
                    <Unicode>ser conocidos por el médico; se ponen á prueba-</Unicode>
                </TextEquiv>
            </TextLine>
            <TextLine id="tr_1761395295_tl_31" custom="readingOrder {index:30;}">
                <Coords points="2000,2851 3577,2827 3577,2877 3398,2889 2000,2901"/>
                <Baseline points="2000,2896 2054,2902 2144,2902 2233,2902 2323,2896 2412,2902 2502,2896 2592,2896 2681,2896 2771,2896 2860,2896 2950,2890 3040,2890 3129,2884 3219,2884 3308,2884 3398,2884 3488,2878 3577,2872"/>
                <TextEquiv>
                    <Unicode>su atención, su memoria, su voluntad, su in-</Unicode>
                </TextEquiv>
            </TextLine>
            <TextLine id="tr_1761395295_tl_32" custom="readingOrder {index:31;}">
                <Coords points="1988,2929 3571,2905 3571,2955 3482,2961 1988,2979"/>
                <Baseline points="1988,2974 2048,2974 2138,2980 2227,2974 2317,2980 2407,2974 2496,2974 2586,2968 2675,2974 2765,2968 2854,2968 2944,2968 3034,2968 3123,2962 3213,2956 3302,2956 3392,2956 3482,2956 3571,2950"/>
                <TextEquiv>
                    <Unicode>ferés, su asociación de ideas, sus tendencias</Unicode>
                </TextEquiv>
            </TextLine>
            <TextLine id="tr_1761395295_tl_33" custom="readingOrder {index:32;}">
                <Coords points="2006,3007 3583,2983 3583,3033 3494,3039 2006,3057"/>
                <Baseline points="2006,3052 2060,3052 2150,3052 2239,3046 2329,3052 2418,3052 2508,3046 2598,3046 2687,3040 2777,3046 2866,3046 2956,3046 3046,3040 3135,3034 3225,3034 3314,3034 3404,3034 3494,3034 3583,3028"/>
                <TextEquiv>
                    <Unicode>morales y después de repetidos exámenes en</Unicode>
                </TextEquiv>
            </TextLine>
            <TextLine id="tr_1761395295_tl_34" custom="readingOrder {index:33;}">
                <Coords points="2000,3090 3571,3054 3571,3104 3482,3116 2000,3140"/>
                <Baseline points="2000,3135 2048,3129 2138,3123 2227,3123 2317,3123 2407,3123 2496,3123 2586,3123 2675,3123 2765,3117 2854,3117 2944,3117 3034,3117 3123,3111 3213,3111 3302,3111 3392,3111 3482,3111 3571,3099"/>
                <TextEquiv>
                    <Unicode>que todas esas condiciones son medidas, juz-</Unicode>
                </TextEquiv>
            </TextLine>
            <TextLine id="tr_1761395295_tl_35" custom="readingOrder {index:34;}">
                <Coords points="2000,3168 3571,3132 3571,3182 2000,3218"/>
                <Baseline points="2000,3213 2048,3207 2138,3207 2227,3201 2317,3201 2407,3201 2496,3201 2586,3201 2675,3195 2765,3195 2854,3195 2944,3195 3034,3189 3123,3189 3213,3189 3302,3183 3392,3183 3482,3177 3571,3177"/>
                <TextEquiv>
                    <Unicode>gadas, comparadas, el examinador esta en ca-</Unicode>
                </TextEquiv>
            </TextLine>
            <TextLine id="tr_1761395295_tl_36" custom="readingOrder {index:35;}">
                <Coords points="2006,3234 3571,3204 3571,3254 3482,3260 2006,3284"/>
                <Baseline points="2006,3279 2048,3279 2138,3279 2227,3273 2317,3273 2407,3273 2496,3273 2586,3273 2675,3267 2765,3267 2854,3267 2944,3267 3034,3267 3123,3261 3213,3261 3302,3261 3392,3255 3482,3255 3571,3249"/>
                <TextEquiv>
                    <Unicode>pacidad de decir si el defecto es debido á al-</Unicode>
                </TextEquiv>
            </TextLine>
            <TextLine id="tr_1761395295_tl_37" custom="readingOrder {index:36;}">
                <Coords points="1988,3317 3577,3281 3577,3331 3488,3343 1988,3367"/>
                <Baseline points="1988,3362 2054,3350 2144,3350 2233,3350 2323,3350 2412,3344 2502,3350 2592,3350 2681,3344 2771,3344 2860,3344 2950,3338 3040,3344 3129,3338 3219,3332 3308,3332 3398,3332 3488,3338 3577,3326"/>
                <TextEquiv>
                    <Unicode>guno de los órganos sensitivos, al estado ge-</Unicode>
                </TextEquiv>
            </TextLine>
            <TextLine id="tr_1761395295_tl_38" custom="readingOrder {index:37;}">
                <Coords points="1988,3383 3583,3365 3583,3415 3494,3421 1988,3433"/>
                <Baseline points="1988,3428 2060,3428 2150,3428 2239,3422 2329,3422 2418,3422 2508,3422 2598,3422 2687,3422 2777,3422 2866,3422 2956,3416 3046,3416 3135,3416 3225,3410 3314,3410 3404,3410 3494,3416 3583,3410"/>
                <TextEquiv>
                    <Unicode>neral de la salud ó del sistema nervioso ó á</Unicode>
                </TextEquiv>
            </TextLine>
            <TextLine id="tr_1761395295_tl_39" custom="readingOrder {index:38;}">
                <Coords points="1988,3455 2520,3461 2520,3511 1988,3505"/>
                <Baseline points="1988,3500 2078,3494 2168,3500 2257,3494 2347,3500 2436,3494 2520,3506"/>
                <TextEquiv>
                    <Unicode>defecto cerebral.</Unicode>
                </TextEquiv>
            </TextLine>
            <TextLine id="tr_1761395295_tl_40" custom="readingOrder {index:39;}">
                <Coords points="2060,3532 3583,3508 3583,3558 3494,3564 2060,3582"/>
                <Baseline points="2060,3577 2150,3571 2239,3577 2329,3571 2418,3571 2508,3571 2598,3571 2687,3565 2777,3571 2866,3565 2956,3565 3046,3565 3135,3565 3225,3559 3314,3559 3404,3559 3494,3559 3583,3553"/>
                <TextEquiv>
                    <Unicode>Para poder efectuar esta obra benéfica en</Unicode>
                </TextEquiv>
            </TextLine>
            <TextLine id="tr_1761395295_tl_41" custom="readingOrder {index:40;}">
                <Coords points="2000,3604 3589,3580 3589,3630 3410,3642 2000,3654"/>
                <Baseline points="2000,3649 2066,3655 2156,3643 2245,3649 2335,3649 2424,3649 2514,3643 2604,3643 2693,3643 2783,3643 2872,3643 2962,3637 3052,3637 3141,3637 3231,3637 3320,3637 3410,3637 3500,3631 3589,3625"/>
                <TextEquiv>
                    <Unicode>la escala que la necesidad demanda, la gene-</Unicode>
                </TextEquiv>
            </TextLine>
            <TextLine id="tr_1761395295_tl_42" custom="readingOrder {index:41;}">
                <Coords points="2006,3682 3577,3658 3577,3708 3488,3714 2006,3732"/>
                <Baseline points="2006,3727 2054,3727 2144,3721 2233,3721 2323,3715 2412,3721 2502,3721 2592,3721 2681,3721 2771,3715 2860,3721 2950,3715 3040,3715 3129,3709 3219,3709 3308,3709 3398,3709 3488,3709 3577,3703"/>
                <TextEquiv>
                    <Unicode>rosidad de una mujer, la señora J. Lewis</Unicode>
                </TextEquiv>
            </TextLine>
            <TextLine id="tr_1761395295_tl_43" custom="readingOrder {index:42;}">
                <Coords points="2006,3753 3583,3729 3583,3779 3404,3791 2006,3803"/>
                <Baseline points="2006,3798 2060,3798 2150,3798 2239,3798 2329,3792 2418,3792 2508,3792 2598,3792 2687,3792 2777,3792 2866,3792 2956,3792 3046,3786 3135,3786 3225,3786 3314,3786 3404,3786 3494,3780 3583,3774"/>
                <TextEquiv>
                    <Unicode>Crozer, ha venido á completar el trabajo ini-</Unicode>
                </TextEquiv>
            </TextLine>
            <TextLine id="tr_1761395295_tl_44" custom="readingOrder {index:43;}">
                <Coords points="2030,3831 3583,3807 3583,3857 3494,3863 2030,3881"/>
                <Baseline points="2030,3876 2060,3870 2150,3870 2239,3870 2329,3870 2418,3870 2508,3864 2598,3864 2687,3864 2777,3864 2866,3870 2956,3864 3046,3864 3135,3864 3225,3858 3314,3858 3404,3852 3494,3858 3583,3852"/>
                <TextEquiv>
                    <Unicode>ciado por la señorita Maguire, poniendo á la</Unicode>
                </TextEquiv>
            </TextLine>
            <TextLine id="tr_1761395295_tl_45" custom="readingOrder {index:44;}">
                <Coords points="2012,3902 3583,3879 3583,3929 3494,3941 2012,3952"/>
                <Baseline points="2012,3947 2060,3947 2150,3942 2239,3942 2329,3942 2418,3942 2508,3936 2598,3942 2687,3936 2777,3936 2866,3942 2956,3936 3046,3936 3135,3936 3225,3936 3314,3936 3404,3930 3494,3936 3583,3924"/>
                <TextEquiv>
                    <Unicode>disposición del Dr. Witmer la suma indispen-</Unicode>
                </TextEquiv>
            </TextLine>
            <TextLine id="tr_1761395295_tl_46" custom="readingOrder {index:45;}">
                <Coords points="2012,3980 3589,3962 3589,4012 2012,4030"/>
                <Baseline points="2012,4025 2066,4019 2156,4019 2245,4019 2335,4019 2424,4019 2514,4013 2604,4013 2693,4013 2783,4013 2872,4013 2962,4013 3052,4013 3141,4007 3231,4007 3320,4007 3410,4013 3500,4007 3589,4007"/>
                <TextEquiv>
                    <Unicode>sable para la fundación de unn clinica y de</Unicode>
                </TextEquiv>
            </TextLine>
            <TextLine id="tr_1761395295_tl_47" custom="readingOrder {index:46;}">
                <Coords points="2012,4052 3583,4034 3583,4084 2012,4102"/>
                <Baseline points="2012,4097 2060,4097 2150,4091 2239,4091 2329,4091 2418,4091 2508,4085 2598,4091 2687,4085 2777,4085 2866,4085 2956,4091 3046,4085 3135,4085 3225,4085 3314,4079 3404,4079 3494,4079 3583,4079"/>
                <TextEquiv>
                    <Unicode>un escuela-hospital en que puedan examinarse</Unicode>
                </TextEquiv>
            </TextLine>
            <TextLine id="tr_1761395295_tl_48" custom="readingOrder {index:47;}">
                <Coords points="2012,4123 3577,4112 3577,4162 2012,4173"/>
                <Baseline points="2012,4168 2054,4168 2144,4168 2233,4168 2323,4168 2412,4168 2502,4163 2592,4163 2681,4163 2771,4163 2860,4163 2950,4163 3040,4157 3129,4157 3219,4157 3308,4157 3398,4157 3488,4157 3577,4157"/>
                <TextEquiv>
                    <Unicode>todos los niños de quienes se sospeche que su</Unicode>
                </TextEquiv>
            </TextLine>
            <TextLine id="tr_1761395295_tl_49" custom="readingOrder {index:48;}">
                <Coords points="2012,4201 3595,4189 3595,4239 2012,4251"/>
                <Baseline points="2012,4246 2072,4246 2162,4240 2251,4240 2341,4240 2430,4240 2520,4240 2610,4234 2699,4234 2789,4234 2878,4234 2968,4234 3058,4234 3147,4234 3237,4234 3326,4228 3416,4234 3506,4234 3595,4234"/>
                <TextEquiv>
                    <Unicode>deficiencia en las escuelas es debida á alguna</Unicode>
                </TextEquiv>
            </TextLine>
            <TextLine id="tr_1761395295_tl_50" custom="readingOrder {index:49;}">
                <Coords points="2036,4273 3589,4261 3589,4311 2036,4323"/>
                <Baseline points="2036,4318 2066,4324 2156,4324 2245,4318 2335,4318 2424,4318 2514,4312 2604,4312 2693,4312 2783,4312 2872,4312 2962,4312 3052,4306 3141,4306 3231,4306 3320,4306 3410,4306 3500,4306 3589,4306"/>
                <TextEquiv>
                    <Unicode>causa orgánica y recibir apropiado tratamiento</Unicode>
                </TextEquiv>
            </TextLine>
            <TextLine id="tr_1761395295_tl_51" custom="readingOrder {index:50;}">
                <Coords points="2024,4350 3589,4333 3589,4383 3500,4389 2024,4400"/>
                <Baseline points="2024,4395 2066,4395 2156,4395 2245,4395 2335,4395 2424,4389 2514,4389 2604,4389 2693,4389 2783,4384 2872,4389 2962,4384 3052,4384 3141,4384 3231,4378 3320,4378 3410,4378 3500,4384 3589,4378"/>
                <TextEquiv>
                    <Unicode>los pobres. Maestras y enfermeras estarán bajo</Unicode>
                </TextEquiv>
            </TextLine>
            <TextLine id="tr_1761395295_tl_52" custom="readingOrder {index:51;}">
                <Coords points="2012,4428 3583,4410 3583,4460 2012,4478"/>
                <Baseline points="2012,4473 2060,4473 2150,4467 2239,4467 2329,4467 2418,4461 2508,4467 2598,4467 2687,4461 2777,4461 2866,4461 2956,4461 3046,4455 3135,4455 3225,4455 3314,4455 3404,4455 3494,4449 3583,4455"/>
                <TextEquiv>
                    <Unicode>las órdenes del psicólogo para ayudarle en su</Unicode>
                </TextEquiv>
            </TextLine>
            <TextLine id="tr_1761395295_tl_53" custom="readingOrder {index:52;}">
                <Coords points="2012,4500 3595,4488 3595,4538 2012,4550"/>
                <Baseline points="2012,4545 2072,4545 2162,4545 2251,4545 2341,4539 2430,4539 2520,4533 2610,4539 2699,4533 2789,4533 2878,4533 2968,4533 3058,4533 3147,4533 3237,4527 3326,4527 3416,4527 3506,4533 3595,4533"/>
                <TextEquiv>
                    <Unicode>triple tarea de desarrollo físico, observación</Unicode>
                </TextEquiv>
            </TextLine>
            <TextLine id="tr_1761395295_tl_54" custom="readingOrder {index:53;}">
                <Coords points="2018,4583 3458,4560 3458,4610 2018,4633"/>
                <Baseline points="2018,4628 2024,4622 2114,4622 2203,4622 2293,4622 2383,4616 2472,4616 2562,4616 2651,4616 2741,4616 2831,4610 2920,4610 3010,4610 3099,4610 3189,4605 3279,4610 3368,4605 3458,4605"/>
                <TextEquiv>
                    <Unicode>higiénica y enseñanza mental de la infancia.</Unicode>
                </TextEquiv>
            </TextLine>
            <TextEquiv>
                <Unicode></Unicode>
            </TextEquiv>
        </TextRegion>
        <TextRegion id="r_2" custom="readingOrder {index:10;}">
            <Coords points="2000,4650 3609,4650 3609,5021 2000,5021"/>
            <TextLine id="tr_1761395295_tl_55" custom="readingOrder {index:0;}">
                <Coords points="2060,4697 3589,4685 3589,4735 2060,4747"/>
                <Baseline points="2060,4742 2066,4742 2156,4742 2245,4748 2335,4742 2424,4748 2514,4742 2604,4736 2693,4736 2783,4736 2872,4736 2962,4736 3052,4736 3141,4736 3231,4736 3320,4736 3410,4736 3500,4730 3589,4730"/>
                <TextEquiv>
                    <Unicode>Madres, ¿quereis criar á vuestros hijos sanos y</Unicode>
                </TextEquiv>
            </TextLine>
            <TextLine id="tr_1761395295_tl_56" custom="readingOrder {index:1;}">
                <Coords points="2012,4780 3601,4763 3601,4813 3511,4819 2012,4830"/>
                <Baseline points="2012,4825 2078,4825 2168,4825 2257,4825 2347,4820 2436,4825 2526,4820 2616,4820 2705,4820 2795,4814 2884,4814 2974,4820 3064,4814 3153,4814 3243,4814 3332,4814 3422,4814 3511,4814 3601,4808"/>
                <TextEquiv>
                    <Unicode>robustos para que en el día de mañana sean dignos</Unicode>
                </TextEquiv>
            </TextLine>
            <TextLine id="tr_1761395295_tl_57" custom="readingOrder {index:2;}">
                <Coords points="2018,4858 3595,4846 3595,4896 2018,4908"/>
                <Baseline points="2018,4903 2072,4909 2162,4903 2251,4903 2341,4903 2430,4903 2520,4897 2610,4897 2699,4897 2789,4891 2878,4891 2968,4891 3058,4891 3147,4891 3237,4891 3326,4891 3416,4891 3506,4891 3595,4891"/>
                <TextEquiv>
                    <Unicode>apoyos de la Pátria querida? Alimentadlos con los</Unicode>
                </TextEquiv>
            </TextLine>
            <TextLine id="tr_1761395295_tl_58" custom="readingOrder {index:3;}">
                <Coords points="2018,4942 3141,4936 3141,4986 2018,4992"/>
                <Baseline points="2018,4987 2066,4981 2156,4987 2245,4981 2335,4981 2424,4981 2514,4981 2604,4975 2693,4981 2783,4975 2872,4975 2962,4975 3052,4975 3141,4981"/>
                <TextEquiv>
                    <Unicode>fabricados bizcochos de LA FORTUNA.</Unicode>
                </TextEquiv>
            </TextLine>
            <TextEquiv>
                <Unicode></Unicode>
            </TextEquiv>
        </TextRegion>
        <TextRegion id="tr_1761395300" custom="readingOrder {index:11;}">
            <Coords points="1985,4618 3623,4618 3623,5568 1985,5568"/>
            <TextLine id="tr_1761395300_tl_1" custom="readingOrder {index:0;}">
                <Coords points="2072,5067 3613,5043 3613,5093 2072,5117"/>
                <Baseline points="2072,5112 2090,5106 2180,5094 2269,5094 2359,5094 2448,5094 2538,5094 2628,5088 2717,5088 2807,5088 2896,5088 2986,5088 3075,5088 3165,5088 3255,5088 3344,5088 3434,5088 3523,5088 3613,5088"/>
                <TextEquiv>
                    <Unicode>Jovenes, ¿quién de vosotros no es capáz de</Unicode>
                </TextEquiv>
            </TextLine>
            <TextLine id="tr_1761395300_tl_2" custom="readingOrder {index:1;}">
                <Coords points="2024,5127 3595,5121 3595,5171 2024,5177"/>
                <Baseline points="2024,5172 2072,5178 2162,5172 2251,5172 2341,5166 2430,5172 2520,5172 2610,5166 2699,5166 2789,5166 2878,5166 2968,5166 3058,5172 3147,5166 3237,5166 3326,5166 3416,5166 3506,5166 3595,5166"/>
                <TextEquiv>
                    <Unicode>mayor sacrificio por conservar su juventud y vigor?</Unicode>
                </TextEquiv>
            </TextLine>
            <TextLine id="tr_1761395300_tl_3" custom="readingOrder {index:2;}">
                <Coords points="2018,5205 3589,5199 3589,5249 2018,5255"/>
                <Baseline points="2018,5250 2066,5256 2156,5256 2245,5250 2335,5250 2424,5250 2514,5250 2604,5250 2693,5250 2783,5244 2872,5250 2962,5250 3052,5250 3141,5244 3231,5244 3320,5250 3410,5244 3500,5244 3589,5244"/>
                <TextEquiv>
                    <Unicode>Ninguno. Pues bien; sin ningún sacrificio y sólo to-</Unicode>
                </TextEquiv>
            </TextLine>
            <TextLine id="tr_1761395300_tl_4" custom="readingOrder {index:3;}">
                <Coords points="2012,5288 3619,5282 3619,5332 2012,5338"/>
                <Baseline points="2012,5333 2096,5333 2186,5333 2275,5327 2365,5327 2454,5327 2544,5327 2633,5327 2723,5327 2813,5327 2902,5327 2992,5327 3081,5327 3171,5327 3261,5327 3350,5321 3440,5321 3529,5327 3619,5327"/>
                <TextEquiv>
                    <Unicode>mando bizcochos de LA FORTUNA podeis conservaros</Unicode>
                </TextEquiv>
            </TextLine>
            <TextLine id="tr_1761395300_tl_5" custom="readingOrder {index:4;}">
                <Coords points="2018,5372 3052,5372 3052,5422 2018,5422"/>
                <Baseline points="2018,5417 2108,5411 2197,5417 2287,5411 2377,5411 2466,5411 2556,5411 2645,5411 2735,5411 2825,5411 2914,5411 3004,5411 3052,5417"/>
                <TextEquiv>
                    <Unicode>siempre jóvenes, fuertes y alegres.</Unicode>
                </TextEquiv>
            </TextLine>
            <TextEquiv>
                <Unicode></Unicode>
            </TextEquiv>
        </TextRegion>
        <TextRegion id="r" custom="readingOrder {index:12;}">
            <Coords points="331,4602 1955,4602 1955,5498 331,5498"/>
            <TextEquiv>
                <Unicode></Unicode>
            </TextEquiv>
        </TextRegion>
    </Page>
</PcGts>
