3928 6098
2285 545 2756 601 FILIPINAS
304 688 3639 744 SEMANARIO ILUSTRADO DE CIENCIAS, LITERATURA, BELLAS ARTES, MEDICINAS CASERAS, HIGIENE Y CONOCIMIENTOS
1551 772 2386 828 UTILES A LA VIDA PRACTICA.
1062 844 2875 900 DEDICADO ECLUSIVAMENTE A LA MUJER
280 897 3621 965 La mujer sabia e lifica  re la nada su casa; mas la mujer insensata lejos de edificar una casa que no existe, destruye con
1342 987 2577 1043 sus manos la que existe ya. Prov. XVIII.
1068 1082 2822 1144 SALE Á LUZ LOS DÍAS 8, 15, 22 Y FIN DE CADA MES.
286 1178 3609 1246 Directora, CONSTANCIA POBLETE—Tel., 3603—DIRECCIÓN TELEGRÁFICA: 'FILIPINAS'—Administradora, ROSARIO LAM
304 1291 3586 1353 Precios de subscripción: PO.30 al mes en Manila y P1.20 trimestre en provincias. Ex-
727 1392 3180 1442 terior P5.00 semestre. Pago adelantado. Números Sueltos 0'20 céntimos.
733 1458 3186 1520 Redaccion y Administracion, Escolta 75, Cuarto n.o 5
411 1649 733 1705 Año I.
1002 1643 2917 1699 Manila, I. F., Lunes, 15 de Noviembre de 1909.
3156 1631 3550 1687 Núm. 30.
429 2001 1795 2057 INFLUENCIA DE LA MUJER SOBRE EL MOMBRE
387 2258 1903 2320 Cuenta la Biblia que para hacer salir de la
298 2335 1903 2397 nada la luz, le bastó á Dios decir; hagase
298 2413 1891 2469 la luz, y de pronto la luz fué hecha. Al
298 2484 1915 2540 eco de la misma voz salió del caos todo lo
322 2568 1807 2618 que puebla los cielos y fecundiza la tierra.
381 2634 1903 2695 Bastóle á Dios su omnipotente voz para
298 2705 1909 2767 crear y hacerlo todo, pero al tratarse de la
298 2783 1909 2845 creación del hombre véase lo que nos sigue
298 2860 1903 2922 diciendo el mismo citado libro: "Tomó Dios
298 2932 1897 2994 en sus manos un pedazo de tosco y oscuro
292 3009 1909 3071 barro, y, dándole con ellas la forma que le
316 3093 1903 3149 plugo, formó el cuerpo del primer hombre, al
298 3159 1909 3221 que infundió con el alma parte de su mismo
295 3243 378 3273 ser."
381 3308 1891 3370 Para formar la mujer, dice el inspirado
286 3373 1903 3447 libro, ya no empleó el Creador materia tosca
286 3457 1891 3519 é informe. Sacóle á Adan una costilla y de
292 3535 1879 3602 ella la formó. De aqui tema sin duda,
280 3606 1885 3668 en origen la superioridad de belleza y la per-
292 3684 1885 3746 fección de formas, en que al hombre supera
292 3755 1020 3823 y aventaja la mujer.
363 3833 1891 3895 De postura recta y elevada, á diferencia de
292 3904 1873 3966 los demás animales, ¡cuánta no es la majes-
298 3976 1873 4044 tad y nobleza del continente del hombre!
274 4048 1879 4116 Miran aquellos la tierra; porque en ella sin
292 4131 1885 4199 duda acaban. Solo éste mira al cielo; porque
274 4203 1879 4265 allí esta su destino. De robustos y sólidos
274 4274 1873 4342 miembros hecho, de facciones bien pronunciadas
286 4352 1879 4420 y definidas á las que anima y dá vida la
292 4430 1879 4497 inteligencia que en el reside, todo lo indica
286 4513 1861 4569 y señala como el soberano de la creación.
286 4561 1879 4641 Ojos vivos y penetrantes, cual dos centinelas
274 4650 1885 4718 en la parte más alto colocados para dominar
280 4722 1879 4796 mejor el espacio y ver á mayor distancia, ancha
274 4811 1867 4867 y espaciosa la frente, á la que sirve de pe-
274 4877 1885 4939 destal el cuerpo, y á la misma altura, más
721 4967 1455 5017 Termina en la página 236
375 5116 1885 5178 Por cada tres envoltorios de las latas de la
262 5181 1867 5249 Harina Lacteada Nestle, el mejor ali-
268 5259 1867 5327 mento para los niños, recibireis como regalo un
256 5342 817 5392 juego de domino.
2243 1995 3353 2051 LA MODA Y LA CIVILIZACION
2064 2258 3574 2314 Daniel Lesneur se pregunta, en "La Nueva
1992 2329 3586 2391 Antología", por qué la mujer tiene la manía
1980 2407 3591 2463 de cambiar continuamente su toilette, y nota
1992 2478 3574 2534 á este propósito que en los pueblos del Ex-
1992 2556 3574 2606 tremo Oriente la mujer cuida de mantener en
1980 2634 3586 2690 su traje lo que sobre todo puede imprimirle
1980 2699 3574 2761 estilo y nobleza: la tradición. Desde hace si-
1980 2783 3580 2839 glos, la mujer japonesa ha permanecido fiel
1980 2854 3586 2910 al género de atavíos que, según su refinado
1974 2938 3580 2994 instinto, debía conservar mejor su gracia, y lo
1986 3015 3263 3065 mismo puede decirse de la mujer china.
2058 3093 3580 3155 Por lo que respecto á la India, las innume-
1986 3165 3568 3227 rables esculturas de sus santuarios nos mues-
1980 3236 3562 3298 tran figuras milenarias que parecen reproducir
1969 3320 3556 3376 la belleza voluptuosa entrevista hoy por los via-
1974 3391 3562 3453 jeros en la penumbra de un templo ó bajo el
1969 3469 3562 3519 toldo levantado de un palanquín; el bulto es
1969 3546 3556 3596 estrecho, elegantemente adornado por piedras
1980 3624 3568 3674 preciosas; y á través de las sedas y las gasas
1969 3684 3562 3746 cortadas por modelos siempre idénticos, se ador-
1963 3773 3126 3823 nan las opulentas formas femeninas.
2040 3845 3562 3901 Las mujeres árabes no han cambiado nunca
1963 3916 3556 3972 el modo de vestirse, y lo mismo sus hermanas
1963 3994 3281 4050 de Turquía, del Asia menor y de Egipto.
2028 4066 3562 4122 El viajero que recorra las márgenes del Jordan
1963 4137 3544 4199 ó del Nilo cree contemplar á cada instante,
1957 4215 3574 4271 escenas biblicas, ó resurrecciones del fondo de
1969 4286 3550 4348 los hipogeos en donde duermen los contempo-
1963 4370 2535 4420 ráneos de Faraón.
2040 4441 3550 4497 Volviendo á Europa, si recorremos algunas
1963 4513 3550 4575 provincias de los países civilizados en donde
1969 4591 3556 4647 por caso singular no se haya construido una
1969 4662 3556 4712 linea férrea, descubriremos campesinos cuva be-
1957 4734 3556 4796 lleza fresca y natural no se ha contagiado aún
1957 4811 3532 4867 con el venenoso deseo de ""parecer una señora".
1957 4883 3550 4945 Hijas de la naturaleza, conservando en los ras-
2392 4961 3132 5017 Termina en la página 236
2028 5116 3556 5172 Dad á vuestros niños de dos meses una cucha-
1957 5193 3556 5249 rita de Harina Lacteada Nestle mez-
1945 5265 3568 5327 clada con siete cucharitas de agua hervida. Es
1957 5342 2804 5392 suficiente por cada comida.
