4021 6073
555 384 716 440 236
1791 337 2293 405 "FILIPINAS"
621 611 1146 673 ABANICOS
549 695 1200 769 Porta abanicos
2973 528 3570 602 GRAN SURTIDO EN
632 791 1110 852 Sombreros
638 868 1128 924 Costureros
495 958 1254 1026 Hilos y Algodones
1677 576 2448 643 ...BAZAR...
1492 749 2621 823 LA PUERIA DEL SOL
1749 910 2400 978 49 Escolta 49
2980 534 3532 574 GRAN SURTIDO EN
2949 629 3564 691 Peinetas con
2961 713 3547 793 y sin piedras
2896 802 3618 882 Crepes—Postizos
3075 886 3403 954 y Rizos
525 1220 1904 1318 Influencia de la mujer sobre el hombre.
788 1346 1660 1420 Continuación de la página 235
423 1429 1994 1521 lateralmente puestos, dióe el Criador dos oidos,
423 1501 2024 1593 en tal forma colocados, que aún durante el
418 1579 2012 1671 sueño queda uno siempre en actitud de avisar
435 1644 2012 1754 la proximidad de cualquier peligro. Todo res-
429 1722 2012 1832 pira en él energía y fortaleza á tal punto y
423 1806 2012 1897 de tal modo que parece no haber acá abajo
423 1901 1301 1969 influencia que le domine.
513 1949 2024 2041 No obstante, reparad y á su lado encontrareis
435 2021 2012 2130 á la mujer, cuya dulzura de mirada y deli-
441 2104 2024 2196 cadeza de complexión hacen visible contraste
429 2182 2030 2274 con la fiereza al hombre. De estatura menos
429 2259 2000 2345 elevada que él, pero infinitamente más perfecta,
429 2331 2018 2423 su vista encanta y su mirada atrae. Abun-
435 2403 2024 2495 dante, espesa cabellera que cae, flota, y se
435 2480 2030 2566 esparce, á semejanza de los rayos del sol, que
429 2558 2012 2650 al separarse de su foco se esparraman por el
435 2630 2030 2722 espacio, deja descubierta una pequeña y ova-
441 2707 2042 2793 lada frente. Fresca y sonriente la boca, como
447 2785 2042 2877 la rosa al abrirse todos los idiomas tienen allí
447 2863 2036 2948 su traducción; en una palabra, es la mujer
429 2940 2030 3014 el sér más ideal, la creación más bella, salida
429 3024 1409 3098 de las manos del Hacedor.
519 3084 2042 3163 Pues ese sér en la aparencia tan débil, es
441 3155 2036 3247 el que dominará y sujetará al hombre á su-
441 3233 2024 3313 voluntad y capricho. Y no habrá en tiempo
441 3310 2036 3396 alguno acontecimiento pequeño ó grande, para
453 3382 2048 3462 cuya realización no entre por mucho esta po-
453 3460 2042 3540 derosa influencia como va lo hemos demostrado
447 3537 1421 3617 en otros artículos anteriores.
537 3609 2036 3689 No sabemos si á respirar las frescas auras.
429 3681 2036 3761 de la mañana ó á admirar los arreboles del
453 3764 2054 3844 sol poniente había salido Eva sóla y sin Adan,
453 3836 2048 3916 á pasearse por entre las frondosas arboledas
453 3926 1152 3987 del paraiso terrestre.
519 4033 2048 4131 Jovenes, ¿quién de vosotros no es capaz de
453 4111 2060 4196 mayor sacrificio por conservar su juventud y vigor?
471 4194 2054 4274 Ninguno. Pues bien; sin ningún sacrificio y sólo to-
471 4278 2048 4358 mando bizcochos de LA FORTUNA podeis conservaros
465 4361 1534 4435 siempre jóvenes, fuertes y alegres.
636 4648 1630 4700 "LA PERLA"
1194 4541 1970 4614 FABRICA DE BIZCOCHOS
1247 4651 1927 4684 Y DULCES....y dulce
567 4875 1946 4949 Plaza de Santa Cruz, núms. 96 y 98.
537 5114 2048 5176 Madres, ¿quereis criar á vuestros hijos sanos y
465 5186 2072 5259 robustos para que en el día de mañana sean dignos
471 5269 2078 5349 apoyos de la Pátria querida? Alimentadlos con los
453 5359 1636 5427 fabricados bizcochos de LA FORTUNA.
2448 1173 3373 1259 La Moda y la civilizacion.
2472 1292 3344 1372 Continuación de la página 235
2090 1370 3702 1485 gos externos como en los intimos, un secular
2095 1453 3702 1545 y profundo acuerdo, conservan en los trajes
2090 1519 3708 1623 con que se visten, en los adornos con que se
2090 1591 3708 1694 engalanan, en In manera de peinarse, el an-
2101 1674 3714 1772 tiguo ideal de su raza, el título de nobleza
2101 1746 3708 1844 de su estirpe sen en Berna, en La Moda, en
2090 1830 3720 1921 Bretaña, en Calabria, en Andalucía, en Corfú, etc.
2173 1913 3714 2011 No es pues, la mujer, en cuanto represen-
2101 1991 3726 2089 tante de todo su sexo, la que ofrece esta ex-
2107 2068 3714 2154 traña obliteración mental, eminentemente antiar-
2107 2140 3720 2232 tistica, de lo que resulta la manía de cambiar
2113 2206 3672 2309 incansablemente su propio perfil sino "la señora",
2101 2289 3702 2381 esto es una memoria exigua, fruto de la se-
2101 2373 3714 2459 lección femenina creada por la evolución de la
2101 2474 2752 2536 sociedad en Europa.
2185 2534 3714 2620 Y no se trata de la afanosa busca de un ele-
2119 2612 3708 2704 mento de belleza que no se puede alcanzar; no;
2113 2683 3726 2775 los modelos se suceden cada vez más extrava-
2119 2755 3720 2859 gantes, no ofreciendo ningún positivo criterio
2119 2869 2591 2925 en su sucesión.
2149 2916 3720 2996 Ser bella, atravente, graciosa, es ya para la
2119 2982 3720 3068 mujer cuestión secundaria. Lo esencial es ser
2113 3066 3726 3146 de las primeras en lucir el modelo más re-
2113 3143 3726 3217 ciente, aunque sea el más grotesco. Se diría
2113 3215 3732 3295 que la mujer se complace en mostrar como su
2125 3293 3726 3366 belleza posee tanta plasticidad, tanto esplendor,
2113 3358 3720 3438 tanta fuerza, que puede resistir á las más graves
2113 3448 3738 3522 insidías de la moda. La gracia y la belleza
2131 3514 3720 3593 triunfan, en efecto, perpetuamente, en esta sin-
2119 3597 3493 3677 gular duda, entre la naturaleza y la moda.
2197 3675 3714 3749 Pero las perpetuas transformaciones, las infi-
2113 3752 3732 3832 nitas singularidades de ésta, tienen tambien otra
2113 3824 3726 3904 razón; una razón primordial y absoluta, que
2125 3902 3732 3976 reside en la necesidad de figurar entre los
2125 3991 2985 4053 favorecidos por la fortuna.
2215 4057 3732 4137 A este propósito. Duramelegare se ocupa, en
2131 4123 3732 4202 la desproporción creciente entre el lujo de toi-
2131 4212 3570 4286 lette femenina y el presupuesto doméstico.
2209 4290 3750 4364 La mujer rica, se dice, tiene el deber de
2137 4367 3732 4447 gastar largamente, y el lujo es una necesidad
2137 4439 3732 4507 social. La consecuencia de su desaparición sería
2143 4517 3726 4585 una terrible crisis financierra. Se dice que hoy
2143 4594 3732 4650 todo ha aumentado de precio; pero si se exa-
2149 4660 3750 4734 minaran los presupuestos domésticos de 100-50-
2143 4738 3744 4800 30-10 pesetas de renta comparándolos con los
2155 4815 3762 4883 correspondientes presupuestos de hace treinta
2149 4881 3744 4955 años, se vería que lo que ha aumentado más
2137 4971 3756 5027 es el gasto para el vestir de las señoras de la
2149 5048 3284 5098 casa, con un aumento inquietante.
2221 5114 3750 5176 Para establecer el equilibrio en estos presu-
2167 5191 3750 5259 puestos, es necesario reducir otros gastos, los
2149 5269 3756 5331 gastos más necesarios, los más necesarios para.
2137 5341 3063 5397 el bienestar físico y moral.
