3888 6113
1605 277 2081 345 "FILIPINAS"
3253 277 3408 333 237
274 617 1802 679 LA HEROINA DE ALQUEZAR
620 880 1504 942 (LEYENDA ARAGONESA)
829 957 1271 1013 (Continuación)
334 1047 1850 1109 En Buera había una doncella de peregrina
262 1119 1838 1181 hermosura, virginal inocencia y animoso espi-
256 1196 1844 1252 ritu, llamada Alodia, hija de la humilde casa
262 1280 949 1336 de Pabla-Torre (1).
310 1345 1838 1401 Á ella acudió el pueblo, aconsejado por el
244 1417 1856 1473 obispo, en súplica de que se entregara á los
244 1495 1844 1551 emisarios del impío principe. ¿Para qué?
256 1572 1838 1628 Para que enamorando á éste, como la israelita
244 1650 1832 1706 Judith al caudillo Holofernes, le quitase la vida,
256 1722 1844 1772 vengase afrentas, honrase su fe y redimiese á
250 1799 1408 1855 los suyos de su aflictiva situación.
322 1877 1850 1927 Alodia, envanecida con su hermosa misión,
250 1948 1838 1998 inflamada en santo amor pátrio y en mortal
250 2020 1838 2076 odio al tirano, confiada en su arraigada fé y
244 2092 1856 2148 en la fortaleza de su inexpugnable virtud, con-
244 2169 1838 2225 vencida del poder de su avasalladora belleza,
256 2247 1838 2303 valiente y animosa, sin temor ni vacilación
250 2324 1844 2380 alguna, ilusionada con el triunfo, saboreando
250 2408 1844 2464 ya las dulzuras que esperaba de su victoria,
244 2474 1844 2524 se dispuso á ataviarse lo más lujosamente
244 2551 1844 2613 posible para deslumbrar al principe, cuando
244 2617 1056 2679 á él fuese presentada....
334 2695 1850 2751 En su hormosa trenza llevaría oculto un
244 2778 1152 2834 afilado y pequeño puñal...
340 2844 1850 2900 Si mataba al tirano, ya sabía la seña que
244 2927 1838 2977 había de hacer, desde una ventana del alcázar...
316 3112 1856 3168 El desencanto de la infeliz doncella sólo fué
244 3190 1844 3246 comparable con sus ilusiones anteriores á la
244 3268 859 3318 salida de su casa.
328 3339 1838 3395 Esperaba, primero, ser maltratada rudamente
256 3411 1844 3479 por los emisarios del alcázar, lo cual halagábala
256 3495 1844 3545 mucho, porque deseaba ser acreedora á la palma
256 3560 1820 3616 del martirio, y vió con triste sorpresa que fué
244 3632 1826 3694 solícitamente atendida y delicadamente condu-
250 3703 1826 3759 cida en magnífico caballo, enjaezado con es-
244 3793 1826 3849 pléndida suntuosidad; servida como una sultana,
244 3859 1844 3915 obedecida como señora, reverenciada como una
250 3936 495 3992 diosa....
316 4002 1838 4058 Aquellas delicadezas inesperadas la conmo-
256 4086 1826 4136 vieron, sumiéndola en extraña melancolía, que
250 4157 1814 4213 duró poco, porque pensó que tal vez el prin-
250 4235 1832 4285 cipe, al ser como le pintó la fama y como
244 4312 1826 4362 ella lo suponía, la haría sufrir las agonias del
244 4378 1832 4434 martirio si no la daba ocasión de salir victo-
250 4462 1832 4518 riosa en la magna empresa que su patriótico
250 4539 961 4595 espíritu acariciaba....
316 4611 1456 4661 Pere su decepción fué en aumento.
680 4683 1414 4738 Termina en la página 238
310 4790 1838 4858 (1) Con el mismo nombre se distingue todavía, en
238 4856 1838 4912 el pueblo de Buera, á la casa de los descendientes de
244 4927 1731 4983 la legendaria doncella, que llevan hoy otro apellido.
316 5071 1832 5127 Una cucharita de Harina Lacteada
244 5142 1844 5204 Nestle mezclada con siete cucharitas de agua
250 5226 1838 5282 hervida, es un buen alimento para un niño de
250 5297 614 5353 dos meses.
2149 611 3343 673 A LA HADA NOCTURNA
2525 874 2955 930 REMITIDO
2244 969 3062 1025 Protejed, Hada divina,
2184 1041 2972 1097 con benefica influencia
2184 1119 3128 1175 la pobre y triste existencia
2196 1196 2937 1246 de una jóven filipina.
2244 1345 3008 1395 En sus ojos sin cesar
2178 1417 2937 1467 de día y noche rielan
2178 1489 3050 1545 dos lágrimas que revelan
2184 1566 2984 1622 hondo y amargo pesar.
2268 1716 3008 1766 Y tan profundo dolor
2184 1793 3068 1849 que en su pecho se anidó
2178 1871 2847 1921 solamente se causó
2178 1954 3026 2010 por un contrariado amor
2244 2092 2984 2148 Ella jóven é inocente
2167 2169 3026 2225 amó á un mancebo faláz
2202 2247 2943 2303 y este le quitó la paz
2184 2319 2960 2380 tratándola inícuamente.
2268 2474 2949 2524 Y su padre se enteró
2178 2545 3068 2607 de aquel amor tan funesto;
2184 2617 3032 2679 y presto, pero muy presto
2184 2701 2996 2751 remedio al punto aplicó.
2262 2844 3068 2900 Desde entonces la infeliz
2172 2915 3092 2977 quedó de su amante aislada
2184 2993 2841 3055 y llora desconsolada
2178 3071 2990 3127 su caida y primer desliz.
2250 3220 3026 3276 Y si se hubiera reunido
2178 3292 2937 3348 tanto llanto derramado
2196 3369 2859 3425 hoy estaría formado
2190 3447 2960 3497 un lago ya muy crecido.
2238 3596 3169 3652 La noche es tiempo precioso
2184 3674 3199 3724 que cuando en la tierra entrona
2167 3739 2978 3795 á todos nos proporciona
2167 3817 2949 3873 el descanso y el reposo.
2250 3966 3134 4034 Más ella, por suerte impía,
2167 4038 2901 4094 de noche desencadena
2178 4115 3038 4171 la horrible y amarga pena
2172 4187 2859 4249 sujeta durante el día
2250 4342 2960 4392 Por eso, Hada divina.
2178 4414 3038 4470 ejercita aquí tu influencia
2178 4497 3062 4553 para endulzar la existencia
2167 4563 2859 4619 de esa jóven filipina.
2244 4718 2949 4768 Para calmar su dolor
2172 4796 2966 4852 y olvidar su desventura
2196 4868 3002 4924 pretende con gran locura
2644 4951 3414 5001 Termina en la página 238
1981 5077 3528 5132 A toda madre cuidadosa se la salud de sus
1916 5154 3516 5204 niños no lograreis que tomen estos otro alimento
1928 5226 3534 5276 más que la Harina Lacteada Nestle,
1916 5303 3146 5359 tanta us la fé que tienen se su bondad.
