4009 6113
489 372 662 428 238
1755 337 2262 393 "FILIPINAS"
722 683 1653 751 IDEAS Y SANSACIONES
441 940 1964 1007 Hay colecciones de objetos de arte que no
382 1017 1975 1085 muestran ni una pasión, ni un gusto, ni una
376 1095 1975 1169 inteligencia, sino la victoria brutal de la riqueza.
441 1244 1975 1306 El mundo no perdona sino á las superiori-
364 1334 1277 1395 dades que no lo humillan.
453 1465 1970 1533 No siempre se escribe el libro que se quiere.
376 1542 1975 1604 Hay cierta fatalidad, en el azar, que nos dicta
388 1614 1981 1694 la idea; hay una fuerza desconocida, una vo-
388 1692 1987 1754 luntad superior, una especie de necesidad de
370 1763 1975 1837 escribir, que nos pide la obra de cierta manera
388 1847 1987 1927 y guía nuestra pluma de cierto modo. Tan
376 1919 1987 1986 cierto es esto que algunas veces el libro que
382 1990 1993 2064 pale de nuestras manos no nos parece hijo
370 2068 1987 2136 nuestro, y nos admira como algo que estaba
370 2145 1981 2213 en nosotros mismos sin que tuviésemos con-
376 2235 913 2291 ciencia de ello.
465 2360 2005 2428 Aprender á ver es el más largo aprendizaje
382 2450 1002 2500 de todas las artes.
465 2563 1981 2637 La risa es el sonido del talento. Algunas
382 2635 1970 2715 carcajadas suenan tonto, como algunas mone-
388 2736 1032 2792 das suenan falso.
465 2850 1987 2918 Cuando hemos trabajado durante todo el
399 2915 1987 3001 día, cuando nuestro pensamiento se ha calen-
394 2999 1981 3073 tado durante más de doce horas sobre el papel
399 3077 1993 3145 sin el contacto refrescante del aire, nuestra
394 3148 1993 3216 cabeza, donde sentíamos por la mañana la pe-
394 3226 1981 3294 sadez de la espesa masa cerebral, nos parece
394 3309 1975 3371 en la noche llena de un gas ligero, espiritual,
388 3399 811 3449 capitoso....
1611 3387 1916 3437 POMPOSA.
644 3542 1755 3610 La heroina de Alquezar
758 3632 1629 3694 Continuación de la página 237
465 3709 1987 3771 Creyó verse esclavizada y se hallo señora del
370 3799 650 3855 alcázar.
483 3847 1981 3927 El principe, avisado previamente de que hos-
394 3930 1987 4010 pedaba á tan sin par belleza, la cedió la mejor
394 4008 1987 4076 estancia de su castillo, la más suntuosa y mejor
411 4080 1975 4147 perfumada, y puso á su servicio las esclavas más
394 4157 1981 4225 hermosas, más serviciales y más humildes.
477 4235 1993 4297 Hasta colocó junto á su soberbio lecho, sobre
394 4312 1850 4380 un primoroso reclinatorio, un rico crucifijo....
477 4384 2005 4446 Alodia, aturdida por atenciones tan finas como
411 4456 1987 4530 sorprendentes, no acortaba á comprender la
405 4533 1993 4601 causa de aquéllas ni el resultado que se pro-
388 4617 740 4685 ponían....
477 4683 1999 4744 Sintió un extraño é intimo malestar y un
394 4754 1987 4822 indifinible miedo á algo que no podía explicarse...
411 4832 1987 4900 El desaliento que la atacó camino del alcazar,
405 4897 1993 4965 volvió á invadir su espíritu.... Entonces, se arro-
411 4969 1981 5049 dilló ante el crucifijo. Cuando se levantó des-
405 5047 1987 5121 pués de orar fervorosamonte, se sintió confor-
394 5118 1993 5192 tada y otra vez animosa, resuelta á resistir se-
399 5196 1987 5270 ducciones, decidida á luchar heroicamente, dis-
411 5279 2011 5353 puesta á salír de su intento victoriosa ó mártir....
1480 5339 1928 5389 (Se Continuará)
2202 647 3456 721 CONOCIMIENTOS ÚTILES
2113 910 3647 984 Cemento para lacrar botellas.—Mézclense tres
2053 981 3641 1073 partes de resina, una de sosa cáustica y cinco¬
2059 1053 3647 1145 de agua con la mitad de su peso de yeso
2059 1142 3563 1216 calcinado, y hágase con todo ello una pasta.
2119 1202 3647 1294 Para quitar las manchas de tinta de anilina.—Si
2041 1280 3659 1366 las manchas han caído en tela blanca, empléese
2071 1357 3653 1437 el alcohol con un poco de ácido acétíco. En
2053 1435 3653 1515 las telas de algodón, lana, seda y raso de
2041 1525 3146 1592 colores, se usará el alcohol solo.
2131 1584 3647 1664 Imitacion del coral.—Cuando en un collar ó en
2053 1662 3653 1742 un pendiente de coral se rompe algún pedacito.
2065 1733 3641 1825 puede sustituirse mediante una pequeña super-
2059 1805 3647 1891 chería. Se toman seis gramos de bermellón y
2065 1877 3653 1963 30 de resina, se funden juntas estas dos subs-
2065 1954 3635 2040 tancias y, estando la mezcla todavía caliente,
2041 2032 3653 2118 se extiende sobre un pedazo de ramita de árbol
2065 2104 3653 2195 seca, descortezada y cortada en la forma con-
2071 2175 3659 2267 veniente. El trocito de madera así revestido
2071 2253 3659 2339 se expone al fuego dándole vueltas para que
2065 2336 3659 2416 la superficie de la pasta se reparta bien por
2071 2432 2877 2500 igual y quede bien lisa.
2149 2480 3683 2554 Para impedir que un tornillo se oxide después
2071 2551 3665 2637 de colocado en su sitio, antes de atornillarlo
2065 2635 3659 2715 se empapa bien en una pasta muy clara hecha
2071 2724 3038 2792 con grafito y aceite común.
2125 2772 3605 2858 Las toallas no deben guardarse nunca humedas.--
2065 2850 3659 2942 Si no se tiene esta precaución, es muy fácil
2077 2927 3659 3019 que se forme sobre el tejido una especie de
2071 3005 3659 3091 moho que no sólo estropea la toalla, sino que
2065 3083 3653 3162 también al secarse con ésta puede producir
2065 3172 3193 3246 ciertas enfermedades en la piel.
2137 3232 3677 3306 Para quitar las manchas obscuras que se crían
2071 3309 3659 3395 en la piel del cuello se lavan repetidas veces
2053 3405 3307 3473 con zumo de limón y desaparecen,
2387 3560 3325 3622 A la Hada nocturna
2411 3650 3295 3712 Continuación de la página 237
2304 3745 3116 3795 admitir un nuevo amor.
2399 3883 3468 3939 Dile, Hada, que eso es demencia,
2316 3972 3241 4022 que ha de ceder en su daño,
2322 4038 3092 4094 que sufrirá otro engaño.
2328 4109 3349 4165 que es grande su inexperiencia.
2399 4259 3062 4315 Y dile que tu varita
2334 4342 3134 4398 grandes tesoros encierra,
2334 4414 3211 4476 y que harás terrible guerra
2322 4491 3080 4547 á la pena que la agita.
2399 4641 3235 4691 Si atiendes, Hada divina,
2334 4712 3134 4762 estos ruegos, con piedad
2334 4784 2895 4846 harás la felicidad.
2334 4862 3020 4924 de esa jóven filipina.
2919 4969 3414 5025 L. L. BILLAN.
2316 5065 3319 5127 Rosario, Binondo, Nov., 1909.
2131 5184 3671 5252 Gastronomos, ¿quereís comer cosas ríquí-
2071 5250 3683 5329 mas? Probad los renombrados bizcochos de LA FOR-
2077 5327 3241 5389 TUNA que expende LA ESPERANZA.
