3888 6192
897 372 2982 681 FILIPINAS
244 731 3576 805 SEMANARIO ILUSTRADO DE CIENCIAS, LITERATURA, BELLAS ARTES, MEDICINAS CASERAS, HIGIENE Y CONOCIMIENTOS
1492 814 2346 876 UTILES A LA VIDA PRÁCTICA.
1015 874 2830 942 DEDICADO EXCLUSIVAMENTE A LA MUJER
262 940 3564 1026 La mujer sabla edifica de la nada su casa; mas la mujer insensata lelos de edificar una casa que no existe, destruye con
1319 1029 2549 1091 sus manos la que existe va. Prov. XVIII.
1021 1125 2782 1181 SALE Á LUZ LOS DÍAS 8, 15, 22 Y FIN DE CADA MES.
256 1214 3570 1300 Directora, CONSTANCIA POBLETE—Tel., 934—DIRECCIÓN TELEGRÁFICA: 'FILIPINAS'—Admra., FRANCISCA GESMUNDO
256 1328 3558 1408 Precios de subscripción: P 0.30 al mes en Manila y P 1.20 trimestre en provincias. Extran-
698 1423 3128 1509 gero P 5.00 semestre. Pago adelantado. Números Sueltos 0'20 céntimos.
370 1638 692 1694 Año I.
1021 1626 2830 1682 Manila, I. F., Viernes, de Octubre de 1909.
3122 1608 3540 1670 Núm. 25.
483 1985 1677 2047 LA EDUCACION DE LA MUJER
537 2247 1624 2315 EL EGOISMO DEL HOMBRE
340 2331 1880 2393 No vamos nosotras en este momento á recri-
280 2403 1892 2471 minar al hombre por el mayor ó menor egoismo
298 2486 1892 2554 que haya precedido á los actos que se refieren
286 2564 1886 2632 á la legislación con respecto á la mujer. El
280 2641 1886 2697 egoismo es un efecto inherente á la humanidad,
286 2713 1892 2775 al que estamos suietas las mujeres quizás en
292 2779 1886 2847 mayor escala, y sólo cuando nosotras hubiéramos
298 2862 1886 2924 hecho leves para los hombres se podría juzgar
292 2928 1886 2996 con imparcialidad tan delicado asunto. Lo
298 3012 1892 3074 que sí nos proponemos estudiar detenidamente
280 3083 1898 3139 es si, como llevamos dicho la forma de educación
310 3155 1886 3227 que hoy se la da, responde, no solo á las ne-
298 3239 1874 3289 residades sociales en su parte moral y material,
298 3304 1898 3372 sino hasta qué punto el hombre se ha obcecado
292 3382 1886 3438 en esta cuestion, puesto que la educación de
298 3454 1904 3521 la mujer, tal como hoy se la comprende, no
304 3537 1904 3599 puede tampoco dar resultados favorables á su
292 3621 585 3671 egoismo.
376 3680 1898 3742 Para probar esta verdad, analicemos. Si por
292 3752 1892 3814 egoismo se entiende el desdeo natural de propor-
292 3830 1874 3886 cionarse la mayor suma de goces, posible, eli-
292 3907 1880 3963 minando de la vida la mayor suma también
310 3979 1874 4047 posible de penas, disgustos, cuidados y contra-
304 4051 1886 4113 riedades, y considerando á la mujer en la so-
292 4134 1898 4184 ciedad y en la familia bajo las acepciones de
298 4212 1874 4262 hija, esposa y madre, ¿qué penas, qué cuidados.
298 4284 1886 4339 qué contrariedades ha de aminorar á una mujer
298 4355 1892 4417 á la que se niega la posibilidad de pensar en
298 4433 1886 4483 otra cosa más que en frivolidades? ¿Cómo ha de
292 4504 1862 4560 saber llevar con dignidad los reveces de la suerte,
292 4582 1868 4638 la que no ha recibido una educación moral
298 4660 1886 4722 que, levantando su espíritu, la haga superior
298 4731 1104 4793 á las miserias de la vida?
352 4803 1886 4859 Si de las contrariedades pasaramos á los pla-
292 4881 1880 4937 ceres, no es menos difícil de comprender el
298 4952 1904 5020 porqué el hombre con su egoismo, no ha pen-
716 5030 1480 5080 Continua en la página 196
346 5149 1892 5211 Madres cariñosas; tened cuidado en lo que
292 5233 1886 5289 alimentais á vuestros niños! La Harina
292 5299 1880 5361 Lacteada Nestle es la más recomen-
298 5387 936 5424 dada por los medios
2107 1967 3415 2029 UNA CIDAD DE SUEÑOS
1958 2235 3564 2297 LOS NUEVOS PROGRESOS DE GUANAJUA-
2065 2313 3445 2375 TO, UNO DE LOS DISTRITOS MINE-
2185 2385 3343 2447 ROS MAS RICOS DEL MUNDO.
2698 2472 2782 2505 POR
2322 2540 3200 2590 LA SRA. PETER M. MYERS.
2567 2624 2955 2680 (Continuación)
2042 2689 3564 2739 En ese sueño glorioso de oro. Guanajuato
1976 2767 3564 2817 vivió por años, y cada año el sueño se hizo
1970 2839 3558 2900 más hermoso, más vivido y más real. Era
1964 2916 3564 2972 indudablemente una riqueza inexhausta, con
1976 2988 3564 3044 posibilidades ilimitadas! Con estas inmensas
1964 3059 3558 3127 colinas repletas casi hasta reventar con oro y
1988 3143 3582 3205 plata, ¿qué imaginación podría medir el porve-
1976 3209 3558 3277 nir de Guanajnato? Las montañas vivían con
1988 3286 3558 3348 peones y burros, cargando aquí y allí el mi-
1964 3370 3564 3426 neral y transportándolo con toda la rapidez
1982 3436 3570 3504 que es posible á un burro; pero hacían lo que
1982 3507 3558 3581 podian, no les era posible extraer el mineral
1976 3579 3558 3647 con bastante rapidez. Hombres y burros que-
1964 3657 3570 3719 daban agotados antes de llegar al fondo de
1964 3740 3564 3796 las minas! Valía la pena vivir en aquellos
1982 3818 3570 3874 dia--á lo menos para los propietarios de las
1976 3883 3558 3945 minas--para encontrar un tesoro creciendo por
1970 3967 3570 4023 montones cada día, sabiendo que el porvenir
1982 4045 3558 4101 no ofrecía sino únicamente oro y comodidades
1976 4110 3570 4166 absolutas--ningún deseo, ninguna ambición que
1982 4182 3564 4250 no pudiese ser satisfecha, si no únicamente que
1964 4266 3552 4322 los mercados del mundo no se agotaran. Algo
1976 4343 2848 4399 más que oro era el sueño.
2036 4415 3558 4465 Pero de repente un alboroto distante se es-
1976 4493 3570 4543 cuchó. Esta mina no estaba produciendo tantas
1982 4564 3570 4626 riquezas; uno había tropesado con una vena
1982 4648 3558 4704 pobre; otro había tenido algunos contratiempos,
1994 4713 3552 4775 y otras excavaciones se habían llenado de agua.
1976 4785 3588 4847 Las cosas no marchaban bien, y al fin los
1982 4857 3558 4931 preciosos minerales parecian agotarse. Las mi-
1970 4940 3570 4996 nas habían sido trabajadas á tanta profundidad
2388 5018 3140 5080 Continua en la página 196
2036 5149 3570 5199 Dad á un niño de 5 á 6 meses de edad,
1982 5227 3576 5283 por cada comida una cucharita de Harina
1970 5299 3576 5361 Lacteada Nestle mezclada con 13 cu-
1970 5376 2740 5426 charas de agua hervida.
