3782 6246
500 461 595 494 196
1689 438 2203 506 "FILIPINAS"
519 695 1027 757 ABANICOS
453 785 1098 840 Porta abanicos
525 874 997 936 Sombreros
519 958 1009 1008 Costureros
394 1053 1134 1103 Hilos y Algodones
1570 695 2340 751 ...BAZAR...
1385 862 2513 924 LA PUERTA DEL SOL
1630 1023 2263 1085 49 Escolta 49
2860 689 3445 745 GRAN SURTIDO EN
2860 785 3415 840 Pelacias con
2854 880 3439 930 y sin piedras
2794 964 3493 1020 Crepes-Pestices
2979 1041 3278 1097 y Rizos
638 1274 1564 1324 La Educación de la Mujer
680 1417 1546 1473 Continuación de la página 195
298 1531 1910 1581 sado que la mujer, con una educación sólida
304 1609 1904 1665 y profunda, unida á los atractivos de que tan
298 1680 1892 1742 pródiga se ha mostrado con ella la naturaleza,
298 1752 1892 1808 podía numentar hasta el infinito esos goces de
304 1829 1146 1891 que tan ávido se muestra.
400 1895 1892 1951 La educación de la mujer, moralmente con-
304 1979 1892 2029 sidorada, debía ser, partiendo precisamente del
304 2044 1892 2106 egoismo del hombre, objeto de un estudio pro-
304 2128 1880 2184 fundo, de una predilección marcada, y la pri-
304 2206 1719 2256 mera de todas las atenciones de la sociedad.
358 2277 1898 2327 El hombre ha mordido desesperadamente la
298 2349 1880 2405 cadena en más de una ocasión. Groceros uto-
310 2433 1892 2483 pistas han creido que la sociedad podría existir
286 2498 1886 2554 sin la mujer, figurándose en su nécio orgullo
304 2570 1880 2632 que la humanidad la componían ellos solos;
316 2648 1880 2710 pero una vez arrancada la venda, y cuando
298 2725 1869 2781 han comprendido que la mujer es la mitad del
298 2797 1886 2859 género humano, y que sin ella la vida, la so-
286 2869 1869 2924 ciedad y la familia son imposibles, se encuen-
286 2946 1898 3002 tra mucho más inexcusable aún su apatía para
304 3024 1886 3080 perfeccionar la base, ya que tanto orgullo ma-
304 3101 1880 3157 nifiestan en contemplarse á si mismos, que
286 3167 1743 3235 creen ser la cúspide del gran edificio social.
364 3245 1886 3301 Por lo tanto, el hombre es el primero á
286 3328 1886 3378 quien debe interesar que la educación de la
298 3394 1886 3450 mujer, sea una verdad; pero una educación
286 3472 1880 3528 séria, inteligente y razonada para que pueda
286 3543 1880 3605 servir sólida base á las virtudes públicas y pri-
286 3609 1886 3677 vadas, haciendo de este modo que la hija, la
280 3693 1886 3749 esposa y la madre ocupen el lugar que les co-
286 3770 1564 3826 rreponde en la sociedad y en la familia.
388 3842 1874 3898 Que la sociedad esté interesada en la edu-
286 3913 1869 3975 cación de la mujer es una verdad tan palmaria,
292 3991 1869 4047 que casi nos parecería una redundancia ocu-
292 4063 1869 4125 parnos de ella, si no la viéramos tan desco-
298 4140 1880 4202 nocida. El dilema está claro hasta la evidencia.
441 4439 1749 4501 CARMEN FARIÑAS
692 4594 1504 4656 DENTISTA MUY AFAMADA
919 4857 1701 4919 Escolta N.o 75, (altos)
328 5102 1880 5164 Viejos, ya se ve, estáis débiles, porque el tiem-
274 5179 1874 5229 po os ha gastado; más no os desespereis. Los quími-
292 5239 1880 5295 cos acaban de descubrir un alimento el más nutri-
274 5305 1874 5361 tivo, conservativo y reconstituyente de cuantos se
274 5370 1880 5420 conocen hoy día. Son los, célebres bizcochos de LA
274 5430 638 5486 FORTUNA.
2340 1274 3212 1324 Una Cidad de Suenos
2358 1417 3224 1467 Continación de la página 195
1976 1513 3588 1581 y tambien como debían serlo con los metodos
1958 1585 3588 1653 primitivos de esos días, y llegó el momento
1970 1662 3606 1718 en que no se podía hacer más Una por una
1976 1734 3606 1802 las minas dejaron de trabajar; la gente rica
2000 1812 3588 1868 —la que no había gastado su riqueza como
1976 1883 3576 1939 la había conseguido—invirtió su dinero en las
1970 1961 3576 2017 fértiles tierras entre León y Querétaro; y los
1976 2038 3582 2088 que pudieron salir de allí se fueron á otros
1970 2116 3600 2178 lugares; y Guanajuato se entregó á dormir.
1970 2188 3582 2244 Aperentemente el suvo era un sueño sin en-
1976 2265 3582 2315 sueños de que no debería despertar. Si soñaba
1976 2337 3564 2393 era una pesadilla; si despertaba, era á la po-
1970 2409 3576 2465 breza y á la tributación. Las colinas en donde
1976 2492 3582 2542 se habian amontonado tantas riquezas, eran
1964 2564 3582 2620 ahora grandes masas de rosas estériles, que no
1976 2642 3558 2698 podían dar provecho alguno, en las que no
1964 2713 3576 2769 crecería el maíz, y sin maíz el pueblo no podía
1964 2785 3421 2841 vivir!  Algo más que pavoroso era el futuro!
2036 2869 3570 2919 Hace pocos años se descubrieron nuevas minas
1964 2934 3546 2990 en los alrededores, y los americanos y otros
1964 3012 3564 3068 extranjeros principiaron á venir aquí. Trajeron
1958 3083 3570 3139 no solamente capital sino nuevos métodos para
1964 3161 3564 3217 trabajar aquéllas, maquinaria nueva y moderna.
1964 3239 3570 3301 y nuevos métodos de economizar, de manera
1958 3310 3570 3372 que lo que se consideraba como material des-
1976 3382 3558 3444 preciable en tiempos idos, pudieráseles hacer
1970 3460 3570 3516 valiosos Los que estaban dispuestos á gastar
1964 3537 3570 3593 su dinero, pagaron aquí y allí precios enormes
1964 3609 3570 3677 por minas aparentemente exhaustas—y que lo
1958 3681 3570 3737 eran en efecto consideradas desde el punto de
1958 3758 3582 3814 vista mexicano. El sistema de cianuro para
1952 3830 3588 3892 reducir las gangas, fué traído aquí, de manera
1964 3913 3558 3963 que se abandonaron casi completamente los
1964 3985 3564 4041 métodos del patio; así es que únicamente
1958 4057 3558 4119 uno de los antiguos "patios" está en opera-
2388 4128 3152 4178 Termina en la página 198
1970 4242 3558 4310 O el hombre se cree con la ciencia infusa, y
1964 4326 3552 4381 hablamos de la más importante de las ciencias,
1964 4403 3570 4459 la ciencia de la vida, la ciencia del corazon,
1958 4475 3576 4525 la ciencia del sentimiento, ó necesita que su
1958 4546 3576 4596 corazón, su inteligencia de niño, su razón de
1958 4618 3576 4674 hombre se lo forme una madre, en cuyo caso
1964 4696 3582 4752 mal podrá hacer todo esto un sér frivolo, li-
1964 4773 3576 4829 gero, incapaz de ocuparse de nada sério, cuya
1964 4845 3582 4901 educación imperfecta no le permite comprender
1964 4923 3564 4979 la alta mision que está llamada á llenar en
1946 4988 2281 5050 el mundo.
2036 5072 3546 5128 La mujer sin una educación sólida, si un rasgo
1958 5138 3570 5200 de heroismo, si una ráfaga del fuego sagrado
1958 5209 3558 5277 de la virtud inculca en su hijo, se lo debe
1946 5287 3558 5349 al sublime instinto maternal, y, por lo mismo
1964 5370 3558 5432 que es solo el instinto y no la razon quien la
1952 5448 3057 5504 guía está sujeta á caer en el error.
