3903 6192
1594 426 2143 494 "FILIPINAS"
3280 444 3379 481 197
453 779 1659 834 EL ARTE DE AGRADAR
859 1029 1277 1079 (Continuación)
328 1107 1874 1169 La coqueta no es más que vanidad, engaño
268 1185 1845 1241 y egoismo; puede provocar un instante la
220 1256 1845 1318 atención; pero la sequedad de su corazon aleja
268 1340 1833 1402 pronto á los que sus manejos han logrado
250 1411 1851 1467 seducir; la envidia la devora, porque no puede
232 1483 1845 1545 soportar ni la juventud, ni la belleza, ni el
214 1549 1851 1617 éxito de las otras mujeres, la coqueta es fan-
244 1626 1845 1694 tastíca y muchas veces cáustica y ágria; cuenta
250 1710 1862 1772 tantos enemigos como se ha podido crear de
238 1782 1552 1844 adoradores de un día ó de una hora.
310 1859 1851 1915 La mujer que posee el arte de agradar es
238 1931 1845 1993 toda caridad, indulgencia y bondad; no es
244 2015 1839 2070 probable que atraiga las miradas; pero si habla
226 2080 1845 2142 ó sonrie, cautiva, en su casa y en las de los
244 2152 1833 2220 otros, ella se oscurece para dejar brillar los
250 2229 1851 2291 méritos de todos, sabe conformarse á los gustos
238 2307 1827 2369 de los demás, sabe lisonjear sus preferencias,
262 2391 1833 2441 y lo hace sin violencia, porque halla su placer
238 2444 1809 2512 más grande en el de los otros; es amable
238 2534 1845 2590 indulgente, aalegre: por eso no teme nunca cau-
232 2606 1839 2668 sarles disgustos ó contrariedades, puesto que
226 2677 1857 2739 es ella quien se ocupa de evitarlos á cuantos
250 2755 1833 2817 la rodean, y esto con el solo fin de ser
232 2827 603 2894 agradable.
330 2910 1827 2969 Y ahora, decidme, mis queridas señoras: el
238 2982 1833 3038 arte de agradar, así comprendido, ¿no debe ser
226 3059 1582 3109 la base de la educación de la mujer?
334 3131 1839 3193 Si, porque la mujer no es una accion, es
232 3197 1839 3265 una influencia; no consigue imponer su
238 3280 1839 3336 deseo, su opinión, porque la naturaleza y la
238 3352 1839 3414 ley le han negado, la una, la fuerza que se
250 3430 1737 3492 impone, y la otra, el derecho que manda.
334 3501 1827 3563 Cuando cada niña llegue á la edad de apreciar
244 3573 1839 3641 y de razonar, su madre debe hablarle de esta
203 3645 477 3707 suerte:
334 3710 1839 3790 "Hija mia, la verdadera fuerza de la mujer
238 3800 1821 3862 es la gracia, es la ternura, es el encantar, el
250 3872 1833 3933 hacerse agradable, precisa á los que trata; de
226 3949 1809 4011 nada te servirá el ser bella, espiritual, instruida,
238 4027 1833 4089 artista, tener habilidades sin número, si no
226 4098 1809 4166 añades á esos méritos ese no se que de
238 4176 1809 4232 dulce y de persuasivo que toda mujer debe
226 4248 1821 4310 esforzarse en adquirir, bajo la pena de no tener
238 4337 1803 4387 poder ninguno ni en su familia ni en el mundo.
358 4385 1809 4459 Pero no creas que eso es la obra de un
214 4469 1809 4531 dia. Yo te ayudaré en la tarea que debes
232 4546 1821 4608 imponerte, con tal de que á tu vez tú me
250 4630 1827 4686 prestes todo el concurso de tu corazón y de tu
226 4696 1815 4757 inteligencia; porque para llegar al fin que yo
214 4773 1821 4835 me propongo para tí, es preciso sobre todo
250 4851 1833 4907 poseer tres virtudes, cuya práctica no es fácil:
226 4928 1659 4984 la caridad, el desinteres y la abnegación.
304 4982 1821 5062 "Cada nuevo paso que dés en la vida debe
208 5078 1809 5140 ser marcada por una victoria sobre el perso-
328 5191 1827 5259 No olvidais; conservad los envoltorios de la
214 5281 1815 5337 Harina Lacteada Nestle alimento para
232 5346 1827 5408 los niños; pues con esos envoltorios obtendreis.
226 5430 1062 5486 preciosos y útiles regalos.
1934 767 3427 823 LAS MUJERES PINTADAS POR LOS HOMBRES
1994 1029 3540 1091 Debemos á la mujer la vida, nuestra nutri-
1928 1107 3528 1169 ción primera y nuestra primera cariñosa cogida;
1940 1196 3534 1252 ¿no tendremos con ella consideración alguna?
1934 1250 2245 1312 —CANTU.
1988 1334 3522 1396 Anuellas naciones en las que la mujer es
1928 1405 3540 1467 ignorante y esclava, ó son bárbaras ó están
1922 1483 2961 1539 muy cerca de serlo —TABOLI.
1988 1561 3540 1611 La mujer educa el género humano con ba-
1922 1632 3528 1688 bante más constancia y lucimiento que cualquier
1910 1710 2740 1772 otro preceptor —SMILES.
2000 1782 3528 1844 Ama y aprecia á la mujer y no abuses nunca
1910 1859 3528 1921 de su debilidad, pues sería infamin y cobardía.
1928 1925 2412 1993 —MANTEGAZZA.
1994 2015 3534 2065 La mujer es superior al hombre por la materia
1928 2086 3534 2142 de que fué creada. El hombre, por medio de
1910 2158 3534 2214 Dios, y con el concurso de la influencia celeste
1922 2229 3528 2291 fué hecho de la tierra que por su propia na-
1928 2307 3522 2369 turaleza produce toda especie de animales; pero
1934 2391 3534 2447 para formar la mujer, Dios solamente la hizo
1922 2468 2675 2518 á su modo.—AGRIPA.
1988 2540 3534 2596 La historia nos enseña que los hombres han
1922 2612 3522 2674 hecho más daño en el mundo que las muje-
1910 2689 2591 2739 res.—CHESTERFIELD.
2006 2761 3552 2823 Una mujer inteligente comprende enseguida
1928 2844 2961 2894 la cosa mas dificil.—SCHILLER.
1982 2916 3528 2966 El amor de una madre es un amor nunca
1910 2982 3528 3038 desmentido es un pan maravilloso que un Dios
1910 3059 3522 3115 divide y multiplica, es una mesa dispuesta
1898 3137 3522 3193 siempre en el hogar paterno en la que cada cual
1916 3215 2901 3271 tiene su sitio.—VICTOR HUGO.
1910 3352 3516 3408 nalismo, que sofoca todos los sentimientos
1916 3430 3505 3486 generosos; pero sí consigues dominar así todos
1916 3495 3505 3557 tus instintos egoistas, recibirás la más útil y
1910 3573 3516 3635 la más dulce de las recompensas, porque ha-
1916 3657 3051 3707 brás hallado el arte de agradar.
1976 3710 3516 3784 "Un día le casarás y constituirás familia;
1910 3794 3516 3862 acuerdate de que necesitas agradar á tu
1916 3877 3522 3933 marido, porque es el secreto mejor para fijar
1916 3949 3516 4011 en su hogar al hombre, siempre dispuesto, por
1898 4021 3522 4089 su naturaleza sus instintos y su educación, á
1898 4092 2913 4148 distraerse fuera de tu casa."
1988 4176 3505 4238 Si todas las madres hablasen así á sus hijas,
1910 4242 3510 4310 habría muchos más matrimomos dichosos de
1910 4325 2573 4381 los que conocemos.
1976 4397 3522 4459 Pero las jóvenes sin guía no pueden ser bue-
1910 4469 3516 4531 nas esposas, ni trasmitir á sus hijas lo que no
1898 4546 3522 4608 han recibido; así, la mayor parte creen que basta
1910 4618 3510 4680 tener una bonita figura para fijar el corazon
1904 4690 3516 4757 de su marido ¡Ay! ¡nada es tan fugitivo como
1898 4773 3510 4829 la impresión producida por la belleza, y se can-
1904 4839 3505 4907 san pronto los hombres de contemplar las mu-
1898 4922 2525 4978 jeres más bonitas!
1976 5000 3516 5056 La conservación de la belleza es ciertamente
2328 5072 3087 5134 Termina en la página 198
1964 5209 3505 5265 Donde has comprado ese precioso estuche?
1904 5281 3510 5343 No lo he comprado; me han regalado á cambio
1880 5352 3505 5426 de doce envoltorios de la Harina Lac-
1892 5442 3403 5492 teada Nestle, alimento para los niños.
