3794 6219
471 414 626 470 198
1700 384 2232 464 "FILIPINAS"
507 575 1778 643 UNA CIUDAD DE SUENOS
716 730 1551 786 Continuación de la página 196
316 832 1927 888 ción en Guanajuato. Este sistema, aunque
316 903 1933 965 muy pintoresco, podría suprimírsele sin difi-
322 987 1927 1043 cultad porque es demasiado costoso en vidas
322 1065 1092 1121 de hombres y de mulas
387 1130 1933 1198 Al fin por medio de un americano perseve-
322 1208 1915 1276 rante se implantó la fuerza motriz eléctrica en
340 1279 1915 1347 Guanajuato, trayéndola de cien millas de dis-
322 1357 1915 1419 tancia, y el mismo hombre, animado de fé
322 1441 1939 1497 construyó una planta de cianuro y demostró
328 1506 1927 1568 en eficiencia; y todo lo hizo en tan corto
340 1584 1915 1646 tiempo que aquellos que dudaban y se bur-
334 1655 1927 1723 aban de él quedaron sorprendidos. Se abrió
340 1733 1927 1789 una nueva éra para este antiguo campo mi-
334 1817 1921 1873 nero. Estos nuevos métodos han aumentado,
346 1882 1933 1956 por su puesto, de un modo inmenso el pro-
352 1966 1933 2028 vecho que se saca á todas las gangas, y ahora
346 2037 1927 2105 se estima que la producción anual alcanza á
340 2115 1945 2171 algo más de catorce millones de dolares, con
352 2187 1939 2255 ganancias que pasan de cinco millones, á la
346 2258 1945 2320 vez que continuan aumentando sus pros-
352 2330 1945 2410 pectos y su capacidad, de modo que las po-
334 2407 1951 2475 sibilidades de este famoso territorio vuelven
346 2479 1945 2553 una vez más á aturdir y á hechizar. Natural-
346 2563 1933 2625 mente flota allí sobre el lugar una atmósfera
352 2634 1939 2702 de excitación subyugada, el halago de una es-
346 2706 1945 2786 peranza, y está allí siempre presente el encanto
346 2783 1939 2851 del elemento especulativo, que se hace peculi-
352 2855 1945 2929 armente fascinador á causa de los ricos descu-
352 2933 1951 3007 brimientos que se han hecho y los que proba-
352 3010 1951 3072 blemente se harán en el recinto de estas montañas
340 3100 1277 3156 cuajadas de metal aurífero.
1414 3159 1832 3215 (Se concluirá)
417 3350 1939 3412 En todos los casos de envenenamien-
364 3434 1933 3484 to conviene que el paciente beba gran canti-
346 3512 1933 3562 dad de leche, huevos batidos y hasta harina y
352 3589 531 3651 agua.
441 3649 1933 3711 Todo ello tiende á diluir el veneno y á fa-
346 3732 1348 3788 cilitar la acción del emético.
435 3792 1939 3860 En estos casos debe administrarse cuanto an-
352 3870 1945 3944 tes un vomitivo, á no ser que los labios se pon-
352 3953 1951 4027 gun como quemados, lo cual es signo de que
352 4031 1647 4093 el veneno es de naturaleza corrosiva,
405 4174 1951 4236 Madres, ¿quereis criar á vuestros hijos sanos y
346 4252 1951 4314 robustos para que en el día de mañana sean dignos
364 4329 1963 4397 apoyos de la Pátria querida? Alimentadlos con los
352 4413 1498 4475 fabricados bizcochos de LA FORTUNA.
578 4598 3413 4696 Por =P = 6.00 Solamente por  -P-6.00
447 4807 3467 4881 Camas de muelle de verdadera tela metalica
1151 4950 2858 5018 No cuesta mas que seis pesos
453 5081 3228 5167 ES DE NUEVA MARCA =p=6.00 SOLAMENTE ECHAGUE 54-62
781 5225 3181 5292 E. Z. SLEEP. Fabricantes de las famosas camas de su nombre.
1289 5326 2691 5394 NEVERAS Y MUEBLES
2208 569 3407 631 EL ARTE DE AGRADAR
2369 724 3228 780 Continuación de la página 197
1993 820 3628 882 un deber; pero lo que es preciso sobre todo
2017 903 3640 971 para Agradar á ese dueño, aceptado libremente
1993 969 3616 1031 es el que no pueda hallar en ninguna parte
1999 1041 3586 1109 como en su casa el reposo, la calma, la dulce
2005 1112 3604 1192 y sincera alegría, que es el descanso de las
2011 1184 3634 1270 preocupaciones y del trabajo; es el que este
2017 1268 3604 1341 seguro de hallar cerca de su mujer, algunas
2011 1327 3586 1407 veces un buen consejo, y siempre los simpá-
2005 1411 3598 1485 ticos consuelos de un corazón que no teme
2029 1500 2978 1574 prodigarse para el que ama.
2082 1566 3598 1640 La mujer debe recordar tambien que necesita
2011 1644 3604 1711 agradar á sus hijos: debe apoderarse de su alma.
2011 1709 3616 1783 entera, y será más que un guía, su confidente
2011 1793 3610 1873 y su compañera preferida; que no vean en el
2011 1864 3604 1932 mundo nada tan bueno y tan amable como su
2005 1942 3604 2010 madre; sed para ellos la expresión de la belleza,
2041 2014 3616 2081 y del bien, y os respondo de que vuestros.
2017 2079 3592 2159 hijos serán hombres de honor y de mérito, y
2017 2157 3592 2237 vuestras hijas mujeres á la par virtuosas y
2023 2258 2482 2314 encantadoras.
2100 2312 3610 2386 No olvideis tampoco, mis queridas señoras, el
2017 2390 3622 2463 agradar á vuestros amigos, y vuestra casa será
2017 2467 3622 2535 el hogar elegido por los espíritus distinguidos
2029 2539 3616 2607 y las almas elevadas, así como el centro de una
2035 2616 3652 2690 intimidad preciosa, que sabrá compensaros de
2029 2688 3598 2762 más de una decepción, tan abundantes y repe-
2029 2783 2626 2839 tidas en la vida.
2100 2831 3622 2911 En fin, es preciso que agradeis á todos; que
2017 2909 3634 2989 agradeis á la sociedad en general, aunque no
2017 2980 3616 3060 sea más que para poneros al abrigo de sus ba-
2041 3064 3610 3144 jos celos, de sus venganzas y de sus mezqui-
2023 3142 3622 3215 nos ataques; pensad en el bien que podeis al-
2023 3213 3622 3287 canzar así, y cuan dulce es crearse simpatías
2035 3285 3628 3365 bastante vivas para disponer del crédito de los
2029 3362 3640 3436 unos y del poder de los otros, ya que no en
2029 3446 3598 3526 provecho vuestro, en interes de los desgraciados.
2088 3506 3610 3591 No sé, mis queridas lectoras, si os habré con-
2023 3583 3622 3657 vencido de que es la gran fuerza de la mujer
2023 3655 3634 3729 el saber agradar; pero creo que así, y lo deseo
2023 3762 2441 3812 en el alma.
2906 3816 3551 3878 MARIA DEL PILAR.
2088 3929 3610 4003 Cemento para lacrar botellas.—Méz-
2029 4007 3616 4081 clense tres partes de resina, una de sosa cáus-
2035 4085 3610 4164 tica y cinco de agua con la mitad de su peso de
2035 4162 3598 4236 yeso calcinado, y hágase con todo ello una pasta.
2088 4228 3610 4302 El verdin se quita del metal muy fácil-
2029 4305 3622 4385 mente frotándolo con un trapo empapado en
2035 4407 2357 4463 amoníaco.
