3861 6219
2381 551 2817 631 E
274 712 3580 762 RIANARIO ILUSTRADO DE CIENCIAS, LITERATURA, BELLAS ARTES, MEDICINAS CASERAS, HIGIENE Y CONOCIMIENTOS
1492 790 2333 846 TILES A LA VIDA PRÁCTICA.
1038 856 2817 912 DEDICADO EXCLUSIVAMENTE A LA MUJER
280 921 3580 977 En uler sabia edifica de la nada su casa; mas la mujer Insensata lejos de edificar una casa que no existe, destruye con
1313 1011 2530 1061 sus manos la que existe ya. Prov. XVIII.
1044 1094 2763 1156 SALE Á LUZ LOS DÍAS 8, 15, 22 Y FIN DE CADA MES.
268 1202 3563 1264 CA, CONSTANCIA POBLETE—Tel., 934—DIRECCION TELEGRAFICA: FILIPINAS.—Admra, FRANCISCA GESMUNDO
262 1315 3545 1371 Eecios de subscripción: P0.30 al mes en Manila y P1.20 trimestre en provincias. Extran¬
704 1411 3115 1467 gero P500 semestre. Pago adelantado. Números Sueltos 20 céntimos.
376 1590 692 1652 Año I.
990 1590 2811 1652 Manila, I. F., Viérnes, 22 de Octubre de 1909.
3103 1602 3515 1652 Núm. 2.
1193 1787 1909 1843 A
793 1787 1062 1843 E
489 1954 1683 2010 NINOS INFELICES
2029 1966 3449 2016 LA HEROINA DE ALQUEZAR
358 2205 1868 2272 En uno de nuestros artículos anteriores, hemos
298 2288 1850 2350 nicho, que no hay cosa más dolorosa que ver
286 2360 1862 2422 á los niños desgraciados, á esos niños que han
292 2437 1880 2493 tenido la fatalidad de haber nacido en medio
298 2509 1868 2571 de la ruina y de la miseria; pero ahora hemos
286 2587 1880 2648 comprendido que no son ellos los únicos dignos
286 2658 1880 2720 de compasión. Hay otros, considerados como
292 2736 1868 2798 felices por la generalidad de las gentes, y que
286 2813 1874 2875 á nosotras nos inspiran tanta lástima, por lo
286 2885 1880 2947 menos, como aquéllos. Los niños á que nos
286 2957 1874 3024 relerimos, son hijos de padres ricos ó que, al
286 3034 1862 3096 menos poseen los medios de vivir de una ma¬
292 3112 1874 3168 nera holgada, y en cuyo hogar no existen cir¬
298 3183 1874 3245 cunstancias anormales que hagan perturbar se¬
286 3255 1874 3323 riamente la paz doméstica. Estos niños no pa¬
292 3333 1868 3395 decen hambres ni desnudeces; no sufren mal¬
304 3410 1868 3478 tratos de obra ni de palabra, sino que, por
292 3482 1862 3544 el contrario, suelen ser mimados hasta el ex¬
292 3559 1862 3621 tremo por sus padres y allegados. Tampoco se
274 3631 1862 3699 ofrece á su vista el espectáculo lamentable de
292 3709 1874 3771 la degradación de los séres á quienes deben amor
292 3792 1856 3848 y respeto; ni aún quizás al de esas disputas
280 3858 1838 3920 convugales que, aunque no es de gran impor¬
286 3929 1832 3991 tancia, producen siempre malísimo efecto en las
280 4001 1850 4069 impresionables imaginaciones de los niños, cuan¬
286 4079 1856 4152 do las presencian de contínuo. Sin embargo,
274 4150 1844 4212 lo repetimos; á muchas de estas criaturas de¬
274 4228 1844 4290 bemos, considerarlas como infelices, si no en
274 4305 1844 4367 el presente, por lo menos en el fnturo; es
280 4383 1862 4439 decir, que si no son desgraciados mientras son
274 4449 1856 4511 niños, lo serán indefectiblemente cuando sean
274 4532 555 4582 hombres.
346 4598 1832 4666 Tal vez sea por el espiritu un tanto ligero y
262 4675 1856 4737 frivolo de nuestra raza, ó sea sólo por de¬
268 4753 1844 4815 fecto de educación; ello es que pocos son los
280 4837 1856 4887 padres y pocas, muy pocas, las madres que se
262 4908 1856 4958 preocupan sériamente de formar el corazon de
268 4980 1850 5036 sus hijos, de dirigir bien sus incipientes inclina¬
686 5057 1444 5107 Continua en la página 212
334 5207 1862 5269 Un juego de dominos recibirá el que presente
2315 2216 3193 2266 (LEYENDA ARAGONESA
2029 2288 3545 2350 Es una de las levendas regionales más poé¬
1963 2366 3557 2428 ticas y hermosas de España, y seguramente, la
1957 2437 3539 2505 menos conocida. Iguala,—creo yo.—en gran¬
1957 2515 3557 2577 deza á la de los célebres amantes de Teruel
1963 2593 3569 2648 y supera á los sublimes rasgos de Agustina de
1957 2664 3551 2720 Aragón y la condesa de Bureta, en la Edad¬
1957 2742 3545 2804 moderna, y en la antigua á la valentía y la¬
1957 2831 3533 2887 entereza de la bíblica Judith, porque estas admi¬
1957 2903 3545 2965 radas mujeres pelearon inflamadas sólo por su¬
1957 2980 3545 3042 fé, por su amor pátrio, mientras que la heroína
1963 3058 3533 3114 de Alquézar se vió en el triste y descorazo¬
1945 3130 3533 3186 nador dilema de elegir entre su exaltada pasión
1963 3207 3545 3263 amorosa y su ferviente patriotismo, entre la
1945 3279 3551 3335 alegría de su alma y la libertad y el triunfo¬
1957 3356 2435 3412 de los suyos....
2017 3446 3539 3508 Es cierto lo que cuenta la llevenda? Es
1951 3524 3533 3580 invención de la fantasía popular? No lo sé¬
1945 3595 3539 3651 ni creo que sea fícil comprobarlo. Lo único
1951 3667 3545 3723 que puedo asegurar, es que en el pueblo á que¬
1945 3738 3521 3800 se refiere la tradicional ocurrencia, las gentes
1945 3816 3515 3878 señalan todavía la casa en que nació la he¬
1945 3906 3515 3962 roína, el nombre y apellido que llevó, la ha¬
1933 3977 3527 4039 cienda con que vió recompensada su admirable
1933 4061 3515 4117 y dramática acción, y el palacio que fué man¬
1945 4126 3521 4194 chado de sangre y testigo de las amarguras
1933 4204 3509 4266 de un alma enamorada que sacrificó su feli¬
1945 4282 2858 4338 cidad en aras de su deber....
2005 4371 3515 4439 La primera vez que la oi, en el Alto Aragón,
1933 4443 3515 4511 contada por una vieja, que no reparaba en
1933 4520 3521 4582 chistosos anacronismos ni en ridículos errores
1945 4592 3527 4660 históricos, sentí, á pesar de éstos, una emoción
1939 4675 3049 4731 honda, intensísima, perdurable....
1993 4741 3306 4809 Procuraré trasladarla como mejor pueda.
2005 4831 3527 4899 En la provincia de Huesca, perteneciente al
1933 4914 3515 4970 partido judicial de Barbastro, existe una villa
1921 4986 3515 5042 antiquísima de origen y nombre árabes indis¬
2351 5057 3085 5119 Termina en la página 212
250 5362 1832 5418 Nestle, alimento sin competencia para los niños.
1999 5207 3503 5281 Hallareis, madres cuidadosas, en la Harina
268 5284 3509 5352 tres emvoltorios de la Harina Lactenda Lnotenda Nestle la salud, alegría y hermo¬
1909 5362 3419 5424 purn de los preciosos frutos de vuestro amor.
