3955 6192
552 348 644 382 212
1737 319 2263 399 "FILIPINAS"
579 575 1104 631 ABANICOS
495 665 1170 721 PORTA ABANICOS
597 755 1086 811 Sombreros
609 832 1098 888 Costureros
459 928 1200 984 Hilos y Algodones
1648 575 2424 625 ...BAZAR...
1283 749 2591 805 A LA PUERTA DEL SOL
1713 910 2364 960 49 Escolta 49
2955 564 3522 620 GRAN SURTIDO EN
2943 653 3510 709 Peinetas con
2943 749 3522 805 y sin pedras
2872 838 3570 888 Crepes- Postizos
3051 922 3367 972 y Rizos
698 1143 1677 1193 Niños infelices
776 1226 1600 1288 Continuacón de la página 211
358 1310 1982 1366 ciones. Creen ellos que labran su felicidad
382 1388 1988 1449 proporcionándoles todos los pueriles goces que
358 1459 1982 1515 ansía esa edad inconsciente, sin pensar en que
370 1537 1982 1593 la ventura real y positiva de la existencia tiene
394 1608 1994 1670 por único fundamento la rectitud de los senti-
370 1686 2006 1736 mientos y la ansteridad de las costumbres que
370 1764 1988 1820 son consecuencia natural de esos sentimientos.
394 1835 1994 1891 Hondamente procupados vemos de contínuo á
394 1907 1982 1963 los padres por subvenir á las necesidades físi-
370 1985 1988 2047 cas de sus tiernos vástagos, ya sean aquellas natu-
388 2062 1994 2118 rales ó ya sean creadas por los refinamientos
382 2134 1994 2196 sensuales de nuestras modernas sociedades; pro-
376 2212 1988 2268 fundamente cavilosos suele traerlos también el
388 2289 1994 2345 trascendental problema del desarrollo y buena
376 2355 1988 2417 dirección que ha de imprimirse á sus faculta-
388 2432 1994 2494 des intelectuales, pero muy poco se cuidan salvo
376 2510 1994 2572 honrorísimas excepciones, del cultivo de sus pren-
370 2588 1994 2644 das morales, de la corrección de las malas ten-
358 2653 1988 2715 dencias que algunos niños manifiestan desde su
370 2731 1964 2799 más temprana edad. ¿Por qué este absurdo pro-
370 2803 1982 2865 ceder? No alcanzamos á explicárnoslo; pero el
364 2880 1976 2942 hecho existe, como hemos dicho en el otro
358 2958 1964 3020 artículo, hablando de los otros niños desgraciados.
465 3036 1964 3092 Ahora, convendreis con nosotras en que si
358 3107 1970 3169 hay algo más triste, más desgarrador que un
370 3185 1970 3241 niño desgraciado, es un niño malo. ¿No es cierto,
358 3257 1982 3312 madres que leéis lo que escribimos, que todas
376 3328 1964 3396 vosotras preferíais tener un hijo víctima á un
358 3400 1946 3468 hijo verdugo?—¿Pero no puede ser que haya
358 3483 1958 3533 niños malos! dirán muchas de vosotras.—No
370 3555 1970 3617 puede germinar la semilla del mal en esos co-
358 3633 1970 3683 razoncitos que conservan aún la marca de los
358 3704 1946 3760 divinos dedos que lo formaron!—Y sin embargo,
364 3782 1952 3838 el gérmen del mal existe latente aún en lo que
364 3860 1952 3910 pareco más puro en esta impura Humanidad!
358 3931 1970 3987 A los padres corresponde aniquilar ese maldito
358 4003 1952 4065 gérmen tan pronto como lo vean aparecer, por
364 4081 1940 4136 más escondido que se halle entre otros brotes
346 4152 1952 4208 de nobles y generosas cualidades. Para esto es
376 4236 1952 4286 preciso comprender bien que la energía y la justa
352 4307 1964 4357 severidad no están en modo alguno reñidos con
358 4367 1964 4435 el verdadero amor á los hijos, sino que más bien
346 4451 1952 4507 suelen estarlo la debilidad y la excesiva condes-
352 4522 716 4578 cendencia.
441 4600 1946 4662 Es tan imperfecta nuestra humana naturaleza,
346 4678 1958 4734 que aún ciertas virtudes no son más que vicios
364 4749 1958 4805 disfrazados de tales, y, hasta en el amor ma-
358 4821 1952 4883 terno, sucede que entra á veces por mucho el
358 4899 1952 4955 amor propio. No es esto vituperable cuando se
358 4964 1970 5032 trata de un amor propio noble y elevado; to-
346 5048 1964 5104 mando lo que en justicia nos corresponde, cuando
346 5119 1952 5175 se elogia merecidamente en nuestra presencia y
346 5191 1952 5247 los hijos de nuestras entrañas; pero sí lo es, y
352 5269 1958 5331 mucho, cuando ese amor propio mal entendido
794 5340 1540 5390 Termina en la página 214
2322 1125 3439 1199 La heroina de Alquezar
2472 1220 3272 1276 Continuacón de la página 211
2065 1292 3678 1360 entibles: Alquézar. Está enclavada sobre una
2071 1382 2531 1438 alta montaña.
2125 1453 3642 1509 Su iglesia, --que tal vez dió nombre al pueblo,
2089 1519 3660 1575 —era hace siglos, quizás cuando la anarquía
2065 1591 3660 1664 árabe hizo surgir los reinos de taifas, suntuoso
2065 1674 3654 1736 alcázar de un principe musulmán, pariente tal
2083 1746 3510 1814 vez de Almostaín, que dominaba á Zaragoza.
2155 1823 3642 1885 Esta iglesia, de primitivo estilo medioeval,
2065 1889 3648 1957 se eleva majestuosa en la más alta meseta de
2071 1973 3642 2041 la montaña y al borde de un profundo, pe-
2065 2050 3654 2106 ñascoso y casi perpendicular precipicio, en cuyo
2083 2122 3636 2190 pe regoso fondo, casi siempre sombreado y
2065 2200 3648 2256 frío por la ausencia de los rayos solares, las
2065 2271 3648 2333 nguas cristalinas de un riachuelo discurren ris-
2077 2355 2681 2411 cantes y retozonas.
2149 2421 3660 2482 El principe de Alquézar, cuyo nombre no
2065 2492 3648 2554 ha conservado la tradición, era, según pública
2077 2570 3648 2632 fama, un hombre cruel y sanguinario, despó-
2065 2659 2615 2715 tico y libertino...
2137 2719 3636 2787 Los cristianos de la comarca, que le aborre-
2065 2797 3636 2853 cían mortalmente, habían maquinado muchos
2077 2868 3648 2930 planes para librarse de su tiránico yugo, pero
2054 2952 3636 3002 con el fracaso de todos los realizados, sólo con-
2060 3018 3642 3086 signieron enfurecer á su enemigo, atraerse ho-
2054 3089 3642 3151 rrorosos escarmientos, padecer nuevos é insopor-
2054 3167 3636 3223 tables tributos y hacer más triste y desesperada
2065 3251 2388 3307 su suerte.
2113 3322 3051 3378 La situación era insostenible.
2113 3394 3636 3450 Para agotar la poquísima paciencia que podia
2054 3465 3612 3521 quedar á los cristianos, cuya desesperación pre-
2054 3543 3606 3599 tendía, exacerbar con objeto de que, rebelán-
2042 3615 3636 3671 dose, contra él, le diesen motivo para exter-
2048 3692 3624 3748 minarlos, el principe envió á varios de sus
2042 3764 3624 3820 más leales guerreros con órden de traerle las
2048 3842 3618 3898 doncellas más hermosas de los pueblos vecinos.
2042 3919 3612 3975 La noticia sembró la ira en los hombres, el
2042 3991 3624 4053 desconsnelo en las madres y el terror pánico
2030 4069 2609 4125 entre las mozas...
2107 4146 3618 4196 Aquello era ya insufrible. Se veía claro el
2054 4224 3469 4274 propósito exerminador del enemigo de su fe.
3098 4301 3582 4351 (Se Continuará)
2191 4564 3499 4614 CARMEN FARIÑAS
2442 4719 3248 4775 DENTISTA MUY AFAMADA
2651 4976 3451 5038 Escolta N.o 75, (altos)
2095 5179 3618 5241 Gastronomos, ¿quereis comer cosas riquísi-
2030 5257 3624 5319 mas? Probad los renombrados bizcochos de LA FOR¬
2042 5334 3212 5396 TUNA que expende LA ESPERANZA.
