3861 6207
1557 378 2070 440 "FILIPINAS"
3247 368 3343 401 213
519 718 1551 774 SECCION LITERARIA
740 981 1301 1037 DESDE LEJOS.
1068 1077 1742 1127 A MI AMIGA ANGELA
298 1148 1808 1210 Espiraban las últimas horas de la víspera de
214 1220 1814 1288 San Damián. No podían conciliar el sueño; la-
220 1297 1820 1365 luna me inquietaba con su pálida luz, que, atra-
232 1369 1796 1437 vesando sus rayos los vidrios multicolores, lle-
226 1447 1808 1514 gaban al borde de mi cama invitándome á con-
226 1530 1378 1592 templar la hermosura de la noche.
298 1715 1802 1765 ¡Qué silencio tan profundo!... No obstante,
220 1781 1820 1843 quedaba éste de vez en cuando interrumpido
232 1858 1814 1926 por un lejano rumor, que, llevado por la ténue
220 1930 1808 1992 brisa, iba á morirse bajo mis pies. El rumor
220 2014 1790 2075 se repetía cada vez con mayor intensidad; y
232 2085 1826 2147 percibía confuso clamorio mezclado con sonidos
226 2163 1784 2219 musicales, cuando una voz de timbre finísimo,
214 2228 1808 2284 emitida con explosion de verdadero entusiasmo
232 2294 1802 2362 hirió mis oidos con esta única palabra: "FELI-
214 2384 531 2440 CIDADES".
298 2455 1820 2511 Creía que el hecho era real, y buscaba por
220 2521 1796 2583 los lugares que me rodeaban el origen de aque-
220 2598 1820 2666 lla algazara, cuando, como por una especie de
214 2676 1820 2732 visión, se dibujó ante mis ojos un salón cua-
232 2748 1796 2822 jado de luces, en que bullían alegres mis com-
232 2831 1796 2893 pañeras en la esplendidez de sus joyas y la
214 2897 1808 2959 elegancia de sus trajes. Se abrazaban con efu-
214 2980 1808 3036 sión, y de sus labios de corales se escapaban
214 3058 1814 3114 frases y deseos á la festejada de aquella noche.
298 3136 1808 3186 En un lado del salon había un piano cuyas
214 3195 1802 3263 notas dormidas fueron arrancadas por los ági-
214 3279 1814 3335 les dedos de una hurí.—Es ella,—decían.—á quien
220 3356 1814 3412 Bathala hiciera surgir de aquellas laderas del
214 3422 1808 3484 Banajaw para arrobarnos con su música á la re-
226 3506 1802 3568 gión de los Puccini, Verdi, Donizetti y Mozart:
214 3577 1808 3639 es ella quien, en las tristezas de la noche rompe
220 3649 1796 3711 el silencio con notas que desgarran las fibras
220 3720 1790 3788 del corazon, comunicándonos sus sentimientos
214 3804 1796 3872 por ese arte divino, que llamamos música; es
214 3876 1796 3932 ella, quien con su verbo, hizo que infinidad de
214 3947 1784 4009 dalagas del barrio de Mate (Tayabas) se cobi-
232 4019 1808 4099 jara bajo la bandera del Club Escolar Tayabense
214 4102 1814 4170 guiadas por al mismo sentimiento, que tuviera
220 4180 1778 4236 en otro tiempo la doncella de Orleans........
280 4371 1814 4427 Enmudecieron las notas del piano, á las que
220 4449 1796 4511 sucedieron las acordas de la banda de Lucoan,
220 4526 1814 4582 á cuyo son iban desplegándose los festejantes
214 4592 1808 4648 delante de aquella hurí, á quien por su nata-
214 4669 1790 4725 licio, saludaban con efluvios de alegría, mani-
214 4747 1826 4803 festados en continua risa, que pendían de los labios
214 4819 847 4881 con singular gracia
298 4896 1814 4952 Los músicos vestidos de gala seguían diluyendo
214 4974 1808 5030 las notas, y, los concurrentes, mientras que
220 5039 1808 5107 unos abandonaban el salón repleto de beldades
298 5159 1820 5215 Nueve cucharas de agua hervida mezclada con
214 5230 1820 5286 dos cucharitas de Harina Lacteada
214 5308 1814 5358 Nestle es suficiente para una comida de un
220 5386 1474 5442 inño de tres á cuatro meses de edad.
2208 707 3318 762 CONOCIMIENTOS ÚTILES
1975 963 3485 1025 AFTAS. --Asi se llaman unas pequeñas ulcera-
1903 1047 3497 1103 ciones, muy dolorosas, que se presentan en la
1915 1118 3497 1174 parte interna de las mejillas, en la lengua y en
1897 1202 2387 1252 las amígdalas.
1969 1268 3485 1323 Los argarismos de agua salada logran ordi-
1909 1339 3491 1395 nariamente, buenos resultados. También se pue-
1903 1417 3252 1479 den emplear lechugas cocidas en leche
1969 1500 3497 1550 A los niños, hacerles aplicaciónes de vinagre
1897 1566 3497 1628 ó de zumo de limón. Si fueren muy rebeldes
1903 1649 2799 1705 las aftas, recurrir al éter.
1969 1715 3491 1771 Las aftas, á menudo, resultan de la mala ca-
1891 1799 3497 1855 lidad de la leche de las nodrizas. A los recien
1903 1882 3491 1932 nacidos darles á beber un cocimiento de cebada,
1981 1942 3491 2004 DULCE DE CASCARAS DE NARANZA.—El proce-
1897 2020 3491 2081 dimiento mejor para poner en dulce las
1891 2103 3491 2153 cáscaras de la naranja, es el siguiente: Se
1921 2181 3491 2231 ponen en agua durante 24 horas las cáscaras de
1897 2252 3479 2308 6 naranjas, se sacan de ella, se las hace hervir
1897 2324 3479 2386 débilmente, y se vuelven á poner en agua fría,
1897 2401 3485 2457 después de lo cual se escurren. Entonces se
1903 2479 3497 2535 pone al fuego de 250 á 375 gramos de azúcar
1885 2551 3491 2613 en muy poca agua, se quita la espuma, se echan
1885 2628 3497 2690 allí las cáscaras se las tiene de 3 á 5 minutos, al
1885 2700 3491 2768 cabo de las cuales pueden ya echarse en los
1885 2777 2136 2833 frascos.
1951 2855 3479 2911 TOMILLO.—Amargo astringente, tónico y esti-
1891 2921 3485 2983 mulante difusible, emplendo en la atonía del
1885 2998 3461 3060 tubo digestivo, los flatos, los catarros crónicos
1891 3082 3485 3132 la leucorrea y la amenorrea. Los baños de to-
1874 3153 3491 3215 millo se aconsejan en el tratamiento del linfa-
1891 3225 3485 3293 tismo, en los reumatismos crónicos y en la gota
1891 3303 3485 3365 tónica. Infusión: De 10 á 15 gramos de tomi-
1891 3386 3264 3436 llo en 1000 gramos de agun hirviente.
1891 3541 3497 3603 humanas, otros se deslizaban ágiles por el res-
1885 3625 3467 3681 baladizo suelo al compás de un vals ó two steps.
1957 3697 3491 3759 Sonó de la alta terre de la iglesia de San
1885 3774 3485 3830 Agustin la hora de las dos, y aquel sonido del
1897 3846 3491 3908 bronce sacóme de la extasis, cayéndome en cuenta.
1903 3929 3479 3979 que todo aquello no era más que puras diva-
1885 3995 3479 4051 gaciones de la mente hácia el suelo, dó se des-
1885 4073 3473 4135 lizáran mis horas de verdadero goce infantil y
1885 4144 3497 4200 en el cual, sin duda alguna, celebra mí buena
1885 4222 3467 4284 amiga sus cumpleaños, rodeada de sus compa-
1885 4293 3479 4355 ñeras las del Comité de Señoritas del Club Es-
1897 4371 2435 4427 colar Tayabense
1969 4443 3491 4505 Ella, embriagada de placer y dicha, tal vez
1891 4526 3491 4582 ignore que una alma amiga, desde estas lejanas
1891 4598 3497 4654 tierras, ambiciona, para volar á su lado las
1885 4669 3479 4725 alas de un ave, y ansía destruir la despótica.
1885 4747 3485 4803 cadena del deber escolar que la priva cruelmente
1897 4825 3473 4881 de la dicha de pasar á su lado en un aconteci-
1891 4896 3389 4952 miento que rememora el día de su natalicio.
1975 4974 3479 5030 Mas, ¿qué importa? si mi alma que, atra-
1885 5045 3479 5101 da por el eco de tu voz de sirena tambien te
1897 5117 3491 5179 rindiera mi homenage y contigo gozara aque-
1885 5201 3491 5263 llas horas de verdadera felicidad!............
3067 5308 3431 5364 DOLOROSA.
1945 5380 2578 5436 Manila Oct. 1909.
