3888 6192
489 337 650 393 214
1749 301 2274 387 "FILIPINAS"
1743 611 2937 679 MGA SALAMIN
555 767 3606 834 Gumagawa ng᷉ mg᷉a salaming may azogue ó pinilakan ang likod na napapalaminan. Kahit
400 862 1880 924 anong laki at anomang hugis ang ibigin.
555 934 2149 996 Nagagawang bago ang mg᷉a lumamg salamin.
543 1017 1265 1067 Magsadyâ kayó kins
1874 1101 3505 1157 SQUIRES, BINGHAM CO.
441 1208 2448 1270 LIWASAN NI GOITI BLG. 4 STA. CRUZ, MAYNILA.
710 1465 1624 1521 NIÑOS INFELICES
740 1603 1588 1653 Terminación de la página 212
352 1698 1946 1754 nos impide corregir las malas propensiones de
358 1770 1958 1826 ue adolecen, y, lo que es más grave aún, nos
352 1853 1080 1909 induce á fomentarlas.
435 1913 1946 1981 Hemos conobido nosotras á una señora, madre
352 1997 1934 2053 muy amorosa, según el decir general, á la cual,
352 2068 1940 2136 por ciertas razones particulares, tuvimos ocasión
340 2140 1952 2208 de tratar intimamente. Tenía ella casi por toda
358 2212 1958 2285 servidumbre un morito, un zamboangueño de
358 2295 1958 2369 pocos años, más ó menos, de la edad de su niño
352 2367 1946 2435 menor. Pasamos por alto los sufrimientos cuo-
358 2438 1952 2506 tidianos de esa crintura martirizada por gran-
340 2510 1946 2584 des y chicos, convertido en el sofre-donleurs
340 2594 1940 2656 de la casa, pues ya hemos dicho algo de esto en
340 2671 1940 2733 nuestro otro articulo, y no queremos repetir,
364 2737 1946 2811 pero había un hecho que se sucedía casi perio-
340 2821 1952 2877 dicamente, y que nos desgarraba el alma más
346 2904 1188 2960 que los maltratos físicos.
429 2964 1952 3026 Cada vez que el pobre muchacho, con los cen-
352 3036 1940 3109 tayos que tal vez le daban sus mismos señores
358 3119 1946 3187 ó con los que él por cualquier medio se conse-
352 3191 1934 3265 guía en la calle, compraba un juguete de ín-
364 3262 1946 3330 fima clase, pero que para el pobre chiquillo
352 3346 1934 3408 representaba un goce infinito, un trompo, unas
346 3412 1934 3486 cuantas bolas, un muñeco, se lo quitaban in-
346 3489 1934 3545 defectiblemente sus tiránicos amitos, quienes
346 3561 1952 3635 aunque poseían muchos y mucho más costosos
340 3645 1934 3713 inguetes, sentían siempre la codicia del ageno.
364 3722 1928 3784 Y !ay del morito sino cedía inmediatamente y
340 3788 1946 3856 sin quejarse á sus rapaces deseos! Por supuesto
340 3866 1952 3927 que de uno ú otro modo, á los pocos instantes no
340 3937 1928 4005 existía del juguete más recuerdo que la amar-
340 4015 1946 4089 guísima expresión de tristeza en el semblante
340 4098 1122 4160 de su primitivo dueño.
441 4158 1952 4226 ¡Cómo se sublevaban todos los sentimientos
340 4242 1946 4304 de equidad y de justicia que abriga nuestro
352 4313 1934 4381 corazon al presenciar este espectáculo, y, sobre
358 4385 1952 4459 todo al ver la indiferencia con que la madre,
364 4463 1946 4537 presenciaba el injusto despojo! Muchas veces, á
340 4540 1958 4602 riesgo de disgustarla, hemos improbado á los
364 4612 1952 4674 niños su conducta, tratando de hacerles com-
364 4684 1946 4752 prender el derecho de propiedad, más sagrado
352 4761 1940 4823 mientras más infeliz es el poseedor del objeto
358 4839 1958 4895 codiciado. ¡Empeño inútil!Nuestras palabras se
370 4916 1946 4978 perdían en el vacío, como si hubiéramos hablado
423 5030 1946 5086 Hiervase trece cucharadas de agua y mezclad
352 5096 1934 5158 á ella una cucharada de Harina Lac-
352 5173 1934 5229 teada Nestle, sin necesidad de poner
352 5251 1946 5313 leche, es suficiente para una comida de un niño
358 5328 1050 5390 de 6 meses de edad.
2012 1435 3636 1515 en un idioma completamente desconocido para
2024 1513 3630 1593 ellos. Es que era el idioma de la Verdad, de la
2036 1591 3630 1664 Justicia, de la Compasión y no conocían tal idioma
2024 1668 3624 1736 esas cabecitas y esos corazones, porque nadie se
2036 1758 3349 1820 había tomado el trabajo de enseñárselo!
2107 1823 3636 1897 Entonces nos proponíamos á nosotras mismas
2036 1901 3624 1975 la cuestion de si era más desgraciado el chico á
2042 1979 3612 2053 quien despojaban de su único juguete ó aquellos
2042 2050 3618 2124 que se lo arrebataban, porque no había quien
2036 2128 3630 2196 les inculcara las más elementales nociones del
2036 2218 2776 2268 Bien y de la Equidad.
2113 2283 3636 2345 Ved ahora cómo describe el más genial y fino
2030 2349 3624 2423 observador del alma de los niños, el profundo
2030 2427 3630 2500 y tierno escritor Edmudo de Amicis, una escena
2030 2510 3612 2566 análoga por la condición social de los actores;
2042 2576 3618 2650 pero absolutamente distinta por los sentimientos
2024 2653 3003 2715 de la noble madre del autor,
2125 2719 3624 2787 "Un dia. Francisquillo, el hijo de nuestra
2083 2815 3618 2877 "portera, me pegó una pedrada en la frente,
2042 2862 3618 2936 "con un canto que habia lanzado al aire sin
2036 2934 3618 3020 "atender á donde iba á pasar; eché sangre,
2036 3012 3600 3098 "chillé, acudió mi madre y un segundo después
2077 3107 3618 3163 "la portera, se abalanzó sobre el muchacho
2089 3179 3618 3241 "como una furia para molerle los huesos. Él, escu-
2083 3251 3618 3312 "rriéndose veloz como una golondrina, aterrado,
2054 3316 3618 3390 "vino hácia nosotros, y mi madre le detuvo.
2036 3388 3618 3462 "y, cuando yo esperaba que me vengase, le puso
2036 3460 3618 3545 "la mano sobre la cabeza, le abrazó para defen-
2054 3549 3618 3611 "derlo, diciéndole á la portera,—No lo ha hecho
2042 3609 3546 3689 "con intención; no le pegue, está perdonado.--
2065 3686 3618 3760 "Esta actitud me hizo desechar todo resenti-
2060 3770 3618 3844 "miento de mi alma como por encanto, y ya
2042 3842 2961 3916 "casi no sentí más el dolor.
2101 3907 2937 3987 "¡Esto se llama educar!"
2095 4009 3624 4065 Sí, esto se llama educar, esto se llama formar
2036 4081 3606 4142 el corazon de los hijos; esto se llama amarlos
2024 4158 3612 4214 de veras; esto se llama propender á su felicidad
2024 4242 2633 4292 presente y futura.
2191 4498 3182 4548 "LA PERLA"
2675 4409 3546 4465 FABRICA DE BIZCOCHOS
2784 4492 3470 4533 Y DULCES . . . .
2113 4719 3499 4781 Plaza de Santa Cruz, núms. 96 y 98
2083 4928 3636 4990 Viejos, ya se ve, estáis débiles, porque el tiem-
2036 5012 3618 5068 po os ha gastado; más no os desespereis. Los quími-
2024 5084 3612 5152 cos acaban de descubrir un alimento el más nutri-
2012 5167 3618 5229 tivo, conservativo y reconstituyente de cuantos se
2012 5245 3636 5313 conocen hoy día. Son los, célebres bizcochos de LA
2012 5328 2364 5378 FORTUNA.
