<?xml version="1.0" encoding="UTF-8" standalone="yes"?>
<PcGts xmlns="http://schema.primaresearch.org/PAGE/gts/pagecontent/2013-07-15" xmlns:xsi="http://www.w3.org/2001/XMLSchema-instance" xsi:schemaLocation="http://schema.primaresearch.org/PAGE/gts/pagecontent/2013-07-15 http://schema.primaresearch.org/PAGE/gts/pagecontent/2013-07-15/pagecontent.xsd">
    <Metadata>
        <Creator>prov=READ-COOP:name=PyLaia@TranskribusPlatform:version=2.33.0:model_id=419461:lm=provided:date=26_10_2025_00:23</Creator>
        <Created>2025-10-25T14:26:41.964298</Created>
        <LastChange>2026-01-08T11:23:07.993+01:00</LastChange>
        <TranskribusMetadata docId="11368283" pageId="104384770" pageNr="47" tsid="271505406" status="FINAL" userId="30120" imgUrl="https://files.transkribus.eu/Get?fileType=view&amp;id=MGJNVKUPIWXVAGDQRSGSLSFX" xmlUrl="https://files.transkribus.eu/Get?id=FSCOCVDGNRZGIZSSVIMIOIDX" imageId="87594558"/>
    </Metadata>
    <Page imageFilename="0047_1909_oct_31_page7.jpg" imageWidth="3836" imageHeight="6246">
        <ReadingOrder>
            <OrderedGroup id="ro_1781166667401" caption="Regions reading order">
                <RegionRefIndexed index="0" regionRef="tr_1761395271"/>
                <RegionRefIndexed index="1" regionRef="tr_1761395268"/>
                <RegionRefIndexed index="2" regionRef="tr_1761395272"/>
                <RegionRefIndexed index="3" regionRef="tr_1761395275"/>
                <RegionRefIndexed index="4" regionRef="tr_1761395269"/>
                <RegionRefIndexed index="5" regionRef="tr_1761395273"/>
                <RegionRefIndexed index="6" regionRef="tr_1761395274"/>
                <RegionRefIndexed index="7" regionRef="tr_1761395270"/>
                <RegionRefIndexed index="8" regionRef="tr_1761395276"/>
            </OrderedGroup>
        </ReadingOrder>
        <TextRegion id="tr_1761395271" custom="readingOrder {index:0;}">
            <Coords points="305,429 3612,429 3612,800 305,800"/>
            <TextLine id="tr_1761395271_tl_1" custom="readingOrder {index:0;}">
                <Coords points="2263,701 2621,689 2866,713 2866,763 2621,739 2263,751"/>
                <Baseline points="939,628 1702,633 1886,637 2132,636 2320,640 2599,643 2903,643 2866,758"/>
                <TextEquiv>
                    <Unicode>FILIPINAS</Unicode>
                </TextEquiv>
            </TextLine>
            <TextEquiv>
                <Unicode></Unicode>
            </TextEquiv>
        </TextRegion>
        <TextRegion id="tr_1761395268" custom="readingOrder {index:1;}">
            <Coords points="116,779 3623,779 3623,1631 116,1631"/>
            <TextLine id="tr_1761395268_tl_1" custom="readingOrder {index:0;}">
                <Coords points="280,826 3588,856 3588,906 280,876"/>
                <Baseline points="280,871 370,877 459,877 549,877 638,877 728,877 818,883 907,883 997,883 1086,883 1176,883 1265,883 1355,889 1445,889 1534,883 1624,889 1713,889 1803,889 1892,889 1982,889 2072,889 2161,889 2251,889 2340,889 2430,889 2519,889 2609,889 2699,889 2788,895 2878,889 2967,889 3057,889 3146,889 3236,889 3326,889 3415,889 3505,895 3588,901"/>
                <TextEquiv>
                    <Unicode>SEMANARIO ILUSTRADO DE CIENCIAS, LITERATURA, BELLAS ARTES, MEDICINAS CASERAS, HIGIENE Y CONOCIMIENTOS</Unicode>
                </TextEquiv>
            </TextLine>
            <TextLine id="tr_1761395268_tl_2" custom="readingOrder {index:1;}">
                <Coords points="1504,916 2322,922 2322,972 1504,966"/>
                <Baseline points="1504,961 1594,961 1683,961 1773,961 1863,961 1952,961 2042,961 2131,961 2221,961 2310,967 2322,967"/>
                <TextEquiv>
                    <Unicode>UTILES A LA VIDA PRACTICA.</Unicode>
                </TextEquiv>
            </TextLine>
            <TextLine id="tr_1761395268_tl_3" custom="readingOrder {index:2;}">
                <Coords points="1033,988 2812,994 2812,1044 1033,1038"/>
                <Baseline points="1033,1033 1122,1033 1212,1033 1301,1033 1391,1027 1480,1027 1570,1033 1660,1033 1749,1033 1839,1033 1928,1033 2018,1033 2107,1033 2197,1033 2287,1033 2376,1039 2466,1039 2555,1039 2645,1039 2734,1039 2812,1039"/>
                <TextEquiv>
                    <Unicode>DEDICADO EXCLUSIVAMENTE A LA MUJER</Unicode>
                </TextEquiv>
            </TextLine>
            <TextLine id="tr_1761395268_tl_4" custom="readingOrder {index:3;}">
                <Coords points="268,1047 3588,1071 3588,1121 268,1097"/>
                <Baseline points="268,1092 358,1092 447,1092 537,1092 626,1092 716,1092 806,1092 895,1092 985,1092 1074,1098 1164,1098 1253,1098 1343,1098 1433,1098 1522,1098 1612,1098 1701,1098 1791,1098 1880,1098 1970,1098 2060,1098 2149,1104 2239,1098 2328,1104 2418,1104 2507,1104 2597,1104 2687,1104 2776,1104 2866,1110 2955,1110 3045,1110 3134,1110 3224,1110 3314,1110 3403,1110 3493,1110 3582,1116 3588,1116"/>
                <TextEquiv>
                    <Unicode>La mujer sabia edifica de la nada su casa; mas la mujer insensata lejos de edificar una casa que no existe, destruye con</Unicode>
                </TextEquiv>
            </TextLine>
            <TextLine id="tr_1761395268_tl_5" custom="readingOrder {index:4;}">
                <Coords points="1307,1137 2525,1143 2525,1193 1307,1187"/>
                <Baseline points="1307,1182 1397,1182 1486,1182 1576,1182 1665,1182 1755,1182 1845,1182 1934,1182 2024,1188 2113,1188 2203,1182 2292,1182 2382,1182 2472,1188 2525,1188"/>
                <TextEquiv>
                    <Unicode>sus manos la que existe ya. Prov. XVIII.</Unicode>
                </TextEquiv>
            </TextLine>
            <TextLine id="tr_1761395268_tl_6" custom="readingOrder {index:5;}">
                <Coords points="1027,1226 2764,1232 2728,1288 1027,1276"/>
                <Baseline points="1027,1271 1116,1271 1206,1271 1295,1271 1385,1271 1474,1277 1564,1277 1654,1277 1743,1277 1833,1277 1922,1277 2012,1277 2101,1277 2191,1277 2281,1277 2370,1277 2460,1283 2549,1283 2639,1277 2728,1283 2764,1277"/>
                <TextEquiv>
                    <Unicode>SALE Á LUZ LOS DÍAS 8. 15, 22 Y FIN DE CADA MES.</Unicode>
                </TextEquiv>
            </TextLine>
            <TextLine id="tr_1761395268_tl_7" custom="readingOrder {index:6;}">
                <Coords points="268,1328 3552,1340 3552,1390 3314,1402 268,1378"/>
                <Baseline points="268,1373 358,1373 447,1373 537,1373 626,1373 716,1373 806,1379 895,1379 985,1379 1074,1379 1164,1379 1253,1379 1343,1385 1433,1385 1522,1379 1612,1385 1701,1379 1791,1385 1880,1385 1970,1385 2060,1385 2149,1385 2239,1385 2328,1385 2418,1385 2507,1385 2597,1391 2687,1391 2776,1391 2866,1397 2955,1397 3045,1397 3134,1391 3224,1397 3314,1397 3403,1391 3493,1391 3552,1385"/>
                <TextEquiv>
                    <Unicode>Directora, CONSTANCIA POBLETE—Tel., 934—DIRECCIÓN TELEGRAFICA: 'FILIPINAS'—Admra., FRANCISCA GESMUNDO</Unicode>
                </TextEquiv>
            </TextLine>
            <TextLine id="tr_1761395268_tl_8" custom="readingOrder {index:7;}">
                <Coords points="256,1435 3546,1453 3546,1503 3481,1509 256,1485"/>
                <Baseline points="256,1480 346,1486 435,1480 525,1486 615,1486 704,1486 794,1486 883,1486 973,1486 1062,1486 1152,1486 1242,1486 1331,1492 1421,1492 1510,1492 1600,1492 1689,1492 1779,1492 1869,1492 1958,1492 2048,1492 2137,1492 2227,1492 2316,1498 2406,1498 2496,1498 2585,1498 2675,1498 2764,1498 2854,1504 2943,1498 3033,1498 3123,1504 3212,1504 3302,1504 3391,1504 3481,1504 3546,1498"/>
                <TextEquiv>
                    <Unicode>Precios de subscripción: P0.30 al mes en Manila y P1.20 trimestre en provincias. Extran-</Unicode>
                </TextEquiv>
            </TextLine>
            <TextLine id="tr_1761395268_tl_9" custom="readingOrder {index:8;}">
                <Coords points="710,1543 3099,1549 3099,1599 710,1593"/>
                <Baseline points="710,1588 800,1576 889,1576 979,1576 1068,1576 1158,1582 1248,1582 1337,1582 1427,1582 1516,1582 1606,1582 1695,1582 1785,1582 1874,1582 1964,1582 2054,1582 2143,1582 2233,1582 2322,1582 2412,1588 2501,1588 2591,1588 2681,1588 2770,1588 2860,1588 2949,1594 3039,1594 3099,1594"/>
                <TextEquiv>
                    <Unicode>gero P5.00 semestre. Pago adelantado. Números Sueltos 0'20 céntimos.</Unicode>
                </TextEquiv>
            </TextLine>
            <TextEquiv>
                <Unicode></Unicode>
            </TextEquiv>
        </TextRegion>
        <TextRegion id="tr_1761395272" custom="readingOrder {index:2;}">
            <Coords points="304,1640 3426,1640 3426,1841 304,1841"/>
            <TextLine id="tr_1761395272_tl_1" custom="readingOrder {index:0;}">
                <Coords points="382,1716 692,1722 692,1772 382,1766"/>
                <Baseline points="382,1761 471,1761 561,1761 650,1767 692,1767"/>
                <TextEquiv>
                    <Unicode>Año I.</Unicode>
                </TextEquiv>
            </TextLine>
            <TextLine id="tr_1761395272_tl_2" custom="readingOrder {index:1;}">
                <Coords points="961,1728 2860,1740 2860,1790 961,1778"/>
                <Baseline points="961,1773 1050,1767 1140,1773 1230,1773 1319,1773 1409,1773 1498,1773 1588,1773 1677,1773 1767,1773 1857,1773 1946,1767 2036,1773 2125,1773 2215,1773 2304,1773 2394,1773 2484,1779 2573,1779 2663,1779 2752,1779 2842,1785 2860,1785"/>
                <TextEquiv>
                    <Unicode>Manila, I. F., Domingo, 31 de Octubre de 1909.</Unicode>
                </TextEquiv>
            </TextLine>
            <TextLine id="tr_1761395272_tl_3" custom="readingOrder {index:2;}">
                <Coords points="3117,1734 3517,1740 3517,1790 3117,1784"/>
                <Baseline points="3117,1779 3206,1779 3296,1785 3385,1785 3475,1785 3517,1785"/>
                <TextEquiv>
                    <Unicode>Núm. 28.</Unicode>
                </TextEquiv>
            </TextLine>
            <TextEquiv>
                <Unicode></Unicode>
            </TextEquiv>
        </TextRegion>
        <TextRegion id="tr_1761395275" custom="readingOrder {index:3;}">
            <Coords points="197,1905 1926,1905 1926,2257 197,2257"/>
            <TextLine id="tr_1761395275_tl_2" custom="readingOrder {index:0;}">
                <Coords points="376,2068 1773,2086 1773,2136 376,2118"/>
                <Baseline points="376,2113 465,2113 555,2113 644,2113 734,2119 824,2119 913,2119 1003,2119 1092,2125 1182,2125 1271,2125 1361,2125 1451,2125 1540,2125 1630,2125 1719,2131 1773,2131"/>
                <TextEquiv>
                    <Unicode>EL TRABAJO DIGNIFICA A LA MUJER</Unicode>
                </TextEquiv>
            </TextLine>
            <TextEquiv>
                <Unicode></Unicode>
            </TextEquiv>
        </TextRegion>
        <TextRegion id="tr_1761395269" custom="readingOrder {index:4;}">
            <Coords points="212,2208 1890,2208 1890,5355 212,5355"/>
            <TextLine id="tr_1761395269_tl_3" custom="readingOrder {index:0;}">
                <Coords points="262,2331 1857,2337 1857,2387 1785,2399 262,2381"/>
                <Baseline points="262,2376 352,2376 441,2376 531,2376 621,2370 710,2376 800,2376 889,2382 979,2382 1068,2382 1158,2382 1248,2382 1337,2382 1427,2382 1516,2388 1606,2388 1695,2388 1785,2394 1857,2382"/>
                <TextEquiv>
                    <Unicode>LA MUJER TRABAJADORA ES UN AMULE-</Unicode>
                </TextEquiv>
            </TextLine>
            <TextLine id="tr_1761395269_tl_4" custom="readingOrder {index:1;}">
                <Coords points="591,2403 1546,2421 1546,2471 591,2453"/>
                <Baseline points="591,2448 680,2448 770,2454 859,2454 949,2460 1039,2460 1128,2460 1218,2460 1307,2460 1397,2460 1486,2466 1546,2466"/>
                <TextEquiv>
                    <Unicode>TO CONTRA LA MISERIA</Unicode>
                </TextEquiv>
            </TextLine>
            <TextLine id="tr_1761395269_tl_5" custom="readingOrder {index:2;}">
                <Coords points="340,2492 1863,2504 1863,2554 1773,2560 340,2542"/>
                <Baseline points="340,2537 429,2531 519,2537 609,2537 698,2543 788,2543 877,2543 967,2549 1056,2549 1146,2549 1236,2549 1325,2549 1415,2549 1504,2549 1594,2555 1683,2555 1773,2555 1863,2549"/>
                <TextEquiv>
                    <Unicode>No os avergonzeis jamás del trabajo, queridas</Unicode>
                </TextEquiv>
            </TextLine>
            <TextLine id="tr_1761395269_tl_6" custom="readingOrder {index:3;}">
                <Coords points="274,2564 1845,2588 1845,2638 274,2614"/>
                <Baseline points="274,2609 364,2615 453,2615 543,2615 632,2615 722,2615 812,2615 901,2615 991,2621 1080,2621 1170,2627 1259,2627 1349,2627 1439,2627 1528,2627 1618,2627 1707,2633 1797,2633 1845,2633"/>
                <TextEquiv>
                    <Unicode>compatriotas nuestras. No imitéis á esas que,</Unicode>
                </TextEquiv>
            </TextLine>
            <TextLine id="tr_1761395269_tl_7" custom="readingOrder {index:4;}">
                <Coords points="262,2636 1863,2654 1863,2704 1785,2710 262,2686"/>
                <Baseline points="262,2681 352,2687 441,2687 531,2687 621,2687 710,2693 800,2693 889,2693 979,2693 1068,2699 1158,2699 1248,2699 1337,2699 1427,2699 1516,2705 1606,2699 1695,2705 1785,2705 1863,2699"/>
                <TextEquiv>
                    <Unicode>mimadas por la loca fortuna creen que el tra-</Unicode>
                </TextEquiv>
            </TextLine>
            <TextLine id="tr_1761395269_tl_8" custom="readingOrder {index:5;}">
                <Coords points="274,2713 1863,2737 1863,2787 1528,2793 274,2763"/>
                <Baseline points="274,2758 364,2758 453,2758 543,2764 632,2764 722,2770 812,2770 901,2770 991,2770 1080,2776 1170,2776 1259,2776 1349,2776 1439,2776 1528,2788 1618,2776 1707,2776 1797,2782 1863,2782"/>
                <TextEquiv>
                    <Unicode>bajo es denigrante, es una deshonra. ¡Infelices!</Unicode>
                </TextEquiv>
            </TextLine>
            <TextLine id="tr_1761395269_tl_9" custom="readingOrder {index:6;}">
                <Coords points="340,2797 1863,2809 1863,2859 1773,2865 340,2847"/>
                <Baseline points="340,2842 429,2836 519,2842 609,2842 698,2842 788,2842 877,2842 967,2842 1056,2848 1146,2848 1236,2848 1325,2854 1415,2854 1504,2854 1594,2854 1683,2854 1773,2860 1863,2854"/>
                <TextEquiv>
                    <Unicode>La mujer que es pobre pero trabajadora y</Unicode>
                </TextEquiv>
            </TextLine>
            <TextLine id="tr_1761395269_tl_10" custom="readingOrder {index:7;}">
                <Coords points="262,2863 1869,2886 1869,2936 262,2913"/>
                <Baseline points="262,2908 352,2914 441,2914 531,2914 621,2919 710,2914 800,2919 889,2919 979,2919 1068,2919 1158,2919 1248,2925 1337,2925 1427,2925 1516,2925 1606,2925 1695,2931 1785,2931 1869,2931"/>
                <TextEquiv>
                    <Unicode>económica, es un amuleto contra la miseria, por</Unicode>
                </TextEquiv>
            </TextLine>
            <TextLine id="tr_1761395269_tl_11" custom="readingOrder {index:8;}">
                <Coords points="274,2946 1857,2964 1857,3014 274,2996"/>
                <Baseline points="274,2991 364,2985 453,2985 543,2991 632,2991 722,2991 812,2991 901,2997 991,2997 1080,2997 1170,2997 1259,2997 1349,3003 1439,3003 1528,3003 1618,3003 1707,3003 1797,3003 1857,3009"/>
                <TextEquiv>
                    <Unicode>que de la pobreza á la miseria media un abismo,</Unicode>
                </TextEquiv>
            </TextLine>
            <TextLine id="tr_1761395269_tl_12" custom="readingOrder {index:9;}">
                <Coords points="274,3018 1857,3030 1857,3080 1797,3086 274,3068"/>
                <Baseline points="274,3063 364,3063 453,3063 543,3063 632,3069 722,3063 812,3069 901,3069 991,3075 1080,3075 1170,3075 1259,3075 1349,3075 1439,3075 1528,3081 1618,3081 1707,3081 1797,3081 1857,3075"/>
                <TextEquiv>
                    <Unicode>que desgraciadamente muchas veces basta un</Unicode>
                </TextEquiv>
            </TextLine>
            <TextLine id="tr_1761395269_tl_13" custom="readingOrder {index:10;}">
                <Coords points="268,3101 1839,3113 1839,3163 268,3151"/>
                <Baseline points="268,3146 358,3140 447,3140 537,3140 626,3146 716,3146 806,3146 895,3146 985,3146 1074,3152 1164,3152 1253,3152 1343,3152 1433,3152 1522,3152 1612,3158 1701,3158 1791,3158 1839,3158"/>
                <TextEquiv>
                    <Unicode>paso para salvarle: es preciso pues no dar ese</Unicode>
                </TextEquiv>
            </TextLine>
            <TextLine id="tr_1761395269_tl_14" custom="readingOrder {index:11;}">
                <Coords points="268,3185 358,3167 447,3173 447,3223 358,3217 268,3235"/>
                <Baseline points="268,3230 358,3212 447,3218"/>
                <TextEquiv>
                    <Unicode>paso.</Unicode>
                </TextEquiv>
            </TextLine>
            <TextLine id="tr_1761395269_tl_15" custom="readingOrder {index:12;}">
                <Coords points="352,3245 1863,3263 1863,3313 352,3295"/>
                <Baseline points="352,3290 441,3284 531,3290 621,3290 710,3290 800,3290 889,3296 979,3296 1068,3296 1158,3296 1248,3302 1337,3302 1427,3302 1516,3302 1606,3302 1695,3302 1785,3302 1863,3308"/>
                <TextEquiv>
                    <Unicode>El trabajo dignifica y enaltece no solo al</Unicode>
                </TextEquiv>
            </TextLine>
            <TextLine id="tr_1761395269_tl_16" custom="readingOrder {index:13;}">
                <Coords points="262,3316 1845,3340 1845,3390 262,3366"/>
                <Baseline points="262,3361 352,3361 441,3361 531,3361 621,3361 710,3367 800,3367 889,3367 979,3367 1068,3373 1158,3373 1248,3373 1337,3373 1427,3373 1516,3373 1606,3379 1695,3379 1785,3379 1845,3385"/>
                <TextEquiv>
                    <Unicode>hombre sino tambien á la mujer; con él, todo</Unicode>
                </TextEquiv>
            </TextLine>
            <TextLine id="tr_1761395269_tl_17" custom="readingOrder {index:14;}">
                <Coords points="268,3394 1851,3412 1851,3462 268,3444"/>
                <Baseline points="268,3439 358,3433 447,3439 537,3439 626,3439 716,3439 806,3445 895,3445 985,3445 1074,3445 1164,3445 1253,3451 1343,3451 1433,3451 1522,3451 1612,3451 1701,3451 1791,3451 1851,3457"/>
                <TextEquiv>
                    <Unicode>se consigue: gloria, honor y riqueza; sin el todo</Unicode>
                </TextEquiv>
            </TextLine>
            <TextLine id="tr_1761395269_tl_18" custom="readingOrder {index:15;}">
                <Coords points="262,3466 1851,3490 1851,3540 262,3516"/>
                <Baseline points="262,3511 352,3505 441,3511 531,3511 621,3511 710,3517 800,3517 889,3523 979,3523 1068,3523 1158,3523 1248,3523 1337,3523 1427,3529 1516,3529 1606,3529 1695,3529 1785,3535 1851,3535"/>
                <TextEquiv>
                    <Unicode>se pierde, hasta lo más estimable que tenemos;</Unicode>
                </TextEquiv>
            </TextLine>
            <TextLine id="tr_1761395269_tl_19" custom="readingOrder {index:16;}">
                <Coords points="268,3543 835,3549 835,3599 268,3593"/>
                <Baseline points="268,3588 358,3588 447,3588 537,3588 626,3588 716,3588 806,3594 835,3594"/>
                <TextEquiv>
                    <Unicode>la salud, la vida.</Unicode>
                </TextEquiv>
            </TextLine>
            <TextLine id="tr_1761395269_tl_20" custom="readingOrder {index:17;}">
                <Coords points="340,3621 1833,3627 1833,3677 1773,3689 340,3671"/>
                <Baseline points="340,3666 429,3660 519,3666 609,3666 698,3660 788,3666 877,3666 967,3666 1056,3672 1146,3672 1236,3672 1325,3678 1415,3678 1504,3672 1594,3672 1683,3678 1773,3684 1833,3672"/>
                <TextEquiv>
                    <Unicode>No os juzgueiz desgraciadas porque sois po-</Unicode>
                </TextEquiv>
            </TextLine>
            <TextLine id="tr_1761395269_tl_21" custom="readingOrder {index:18;}">
                <Coords points="256,3687 1833,3704 1833,3754 1779,3760 256,3737"/>
                <Baseline points="256,3732 346,3732 435,3732 525,3738 615,3744 704,3738 794,3738 883,3738 973,3744 1062,3744 1152,3749 1242,3749 1331,3749 1421,3749 1510,3749 1600,3749 1689,3749 1779,3755 1833,3749"/>
                <TextEquiv>
                    <Unicode>bres: la pobreza está en gran mayoría en el</Unicode>
                </TextEquiv>
            </TextLine>
            <TextLine id="tr_1761395269_tl_22" custom="readingOrder {index:19;}">
                <Coords points="268,3764 1821,3782 1821,3832 268,3814"/>
                <Baseline points="268,3809 358,3803 447,3809 537,3809 626,3815 716,3809 806,3815 895,3815 985,3815 1074,3821 1164,3821 1253,3821 1343,3821 1433,3827 1522,3827 1612,3827 1701,3827 1791,3827 1821,3827"/>
                <TextEquiv>
                    <Unicode>mundo; el mañana es un problema sin resolver.</Unicode>
                </TextEquiv>
            </TextLine>
            <TextLine id="tr_1761395269_tl_23" custom="readingOrder {index:20;}">
                <Coords points="322,3836 1839,3854 1839,3904 1755,3910 322,3886"/>
                <Baseline points="322,3881 412,3881 501,3881 591,3881 680,3887 770,3887 859,3893 949,3893 1039,3893 1128,3893 1218,3893 1307,3893 1397,3899 1486,3899 1576,3899 1665,3905 1755,3905 1839,3899"/>
                <TextEquiv>
                    <Unicode>Muchos millones de séres viven al día, muy</Unicode>
                </TextEquiv>
            </TextLine>
            <TextLine id="tr_1761395269_tl_24" custom="readingOrder {index:21;}">
                <Coords points="268,3919 1821,3931 1821,3981 268,3969"/>
                <Baseline points="268,3964 358,3958 447,3958 537,3958 626,3958 716,3964 806,3964 895,3964 985,3970 1074,3970 1164,3970 1253,3970 1343,3970 1433,3976 1522,3976 1612,3976 1701,3976 1791,3976 1821,3976"/>
                <TextEquiv>
                    <Unicode>pocos son los que tienen el porvenir asegurado</Unicode>
                </TextEquiv>
            </TextLine>
            <TextLine id="tr_1761395269_tl_25" custom="readingOrder {index:22;}">
                <Coords points="262,3985 1839,4003 1839,4053 1785,4059 262,4035"/>
                <Baseline points="262,4030 352,4030 441,4030 531,4036 621,4030 710,4036 800,4036 889,4036 979,4042 1068,4042 1158,4042 1248,4042 1337,4048 1427,4048 1516,4048 1606,4054 1695,4054 1785,4054 1839,4048"/>
                <TextEquiv>
                    <Unicode>El sol nace, muere y vuelve á nacer fecundi-</Unicode>
                </TextEquiv>
            </TextLine>
            <TextLine id="tr_1761395269_tl_26" custom="readingOrder {index:23;}">
                <Coords points="268,4069 1833,4081 1833,4131 268,4119"/>
                <Baseline points="268,4114 358,4108 447,4108 537,4108 626,4108 716,4108 806,4114 895,4114 985,4120 1074,4114 1164,4120 1253,4120 1343,4126 1433,4126 1522,4126 1612,4126 1701,4126 1791,4126 1833,4126"/>
                <TextEquiv>
                    <Unicode>zándolo todo con sus rayos vivificadores, y los</Unicode>
                </TextEquiv>
            </TextLine>
            <TextLine id="tr_1761395269_tl_27" custom="readingOrder {index:24;}">
                <Coords points="262,4146 1833,4152 1833,4202 1785,4208 262,4196"/>
                <Baseline points="262,4191 352,4185 441,4179 531,4185 621,4185 710,4185 800,4191 889,4191 979,4191 1068,4191 1158,4191 1248,4197 1337,4197 1427,4197 1516,4197 1606,4203 1695,4197 1785,4203 1833,4197"/>
                <TextEquiv>
                    <Unicode>pobres siguen el calvario de la vida foltalecidos</Unicode>
                </TextEquiv>
            </TextLine>
            <TextLine id="tr_1761395269_tl_28" custom="readingOrder {index:25;}">
                <Coords points="250,4224 1839,4236 1839,4286 250,4274"/>
                <Baseline points="250,4269 340,4257 429,4257 519,4257 609,4257 698,4263 788,4263 877,4263 967,4263 1056,4269 1146,4269 1236,4269 1325,4275 1415,4275 1504,4275 1594,4275 1683,4275 1773,4275 1839,4281"/>
                <TextEquiv>
                    <Unicode>por el trabajo, la fé y la esperanza, que debeis</Unicode>
                </TextEquiv>
            </TextLine>
            <TextLine id="tr_1761395269_tl_29" custom="readingOrder {index:26;}">
                <Coords points="250,4296 1833,4308 1833,4358 250,4346"/>
                <Baseline points="250,4341 340,4335 429,4335 519,4335 609,4335 698,4335 788,4341 877,4341 967,4341 1056,4341 1146,4347 1236,4347 1325,4353 1415,4347 1504,4353 1594,4353 1683,4353 1773,4353 1833,4353"/>
                <TextEquiv>
                    <Unicode>guardar como un tesoro en el santuario de vues-</Unicode>
                </TextEquiv>
            </TextLine>
            <TextLine id="tr_1761395269_tl_30" custom="readingOrder {index:27;}">
                <Coords points="250,4367 740,4367 740,4417 250,4417"/>
                <Baseline points="250,4412 340,4406 429,4406 519,4406 609,4406 698,4412 740,4412"/>
                <TextEquiv>
                    <Unicode>tios corazones.</Unicode>
                </TextEquiv>
            </TextLine>
            <TextLine id="tr_1761395269_tl_31" custom="readingOrder {index:28;}">
                <Coords points="316,4439 1833,4451 1833,4501 1749,4507 316,4489"/>
                <Baseline points="316,4484 406,4484 495,4484 585,4484 674,4490 764,4490 853,4490 943,4490 1033,4490 1122,4496 1212,4496 1301,4496 1391,4496 1480,4502 1570,4502 1660,4502 1749,4502 1833,4496"/>
                <TextEquiv>
                    <Unicode>Si quereis tener fuerza para soportar la pe-</Unicode>
                </TextEquiv>
            </TextLine>
            <TextLine id="tr_1761395269_tl_32" custom="readingOrder {index:29;}">
                <Coords points="244,4517 1839,4535 1839,4585 244,4567"/>
                <Baseline points="244,4562 334,4562 423,4562 513,4562 603,4562 692,4562 782,4568 871,4568 961,4568 1050,4568 1140,4568 1230,4568 1319,4574 1409,4574 1498,4574 1588,4574 1677,4574 1767,4580 1839,4580"/>
                <TextEquiv>
                    <Unicode>sada carga de la pobreza, abrigad en vuestras</Unicode>
                </TextEquiv>
            </TextLine>
            <TextLine id="tr_1761395269_tl_33" custom="readingOrder {index:30;}">
                <Coords points="238,4588 1839,4606 1839,4656 238,4638"/>
                <Baseline points="238,4633 328,4639 417,4633 507,4633 597,4633 686,4633 776,4639 865,4639 955,4639 1044,4639 1134,4645 1224,4645 1313,4645 1403,4651 1492,4651 1582,4651 1671,4651 1761,4651 1839,4651"/>
                <TextEquiv>
                    <Unicode>almas la creencia de que la recompensa que os</Unicode>
                </TextEquiv>
            </TextLine>
            <TextLine id="tr_1761395269_tl_34" custom="readingOrder {index:31;}">
                <Coords points="250,4660 1833,4678 1833,4728 1773,4734 250,4710"/>
                <Baseline points="250,4705 340,4711 429,4705 519,4705 609,4711 698,4711 788,4711 877,4711 967,4717 1056,4717 1146,4723 1236,4717 1325,4723 1415,4723 1504,4723 1594,4723 1683,4729 1773,4729 1833,4723"/>
                <TextEquiv>
                    <Unicode>espera no se reduce sólo al modesto jornal que</Unicode>
                </TextEquiv>
            </TextLine>
            <TextLine id="tr_1761395269_tl_35" custom="readingOrder {index:32;}">
                <Coords points="238,4738 1827,4761 1827,4811 238,4788"/>
                <Baseline points="238,4783 328,4788 417,4788 507,4783 597,4783 686,4788 776,4788 865,4788 955,4788 1044,4788 1134,4794 1224,4788 1313,4794 1403,4794 1492,4794 1582,4800 1671,4800 1761,4800 1827,4806"/>
                <TextEquiv>
                    <Unicode>os paguen por vuestro trabajo; hay algo más</Unicode>
                </TextEquiv>
            </TextLine>
            <TextLine id="tr_1761395269_tl_36" custom="readingOrder {index:33;}">
                <Coords points="256,4827 1821,4839 1821,4889 256,4877"/>
                <Baseline points="256,4872 346,4860 435,4860 525,4860 615,4860 704,4860 794,4866 883,4866 973,4866 1062,4866 1152,4866 1242,4872 1331,4872 1421,4872 1510,4872 1600,4872 1689,4878 1779,4878 1821,4884"/>
                <TextEquiv>
                    <Unicode>para lo porvenir, algo que vigoriza el espíritu.</Unicode>
                </TextEquiv>
            </TextLine>
            <TextLine id="tr_1761395269_tl_37" custom="readingOrder {index:34;}">
                <Coords points="316,4887 1827,4905 1827,4955 316,4937"/>
                <Baseline points="316,4932 406,4932 495,4932 585,4938 674,4932 764,4938 853,4938 943,4944 1033,4944 1122,4944 1212,4944 1301,4944 1391,4944 1480,4944 1570,4950 1660,4950 1749,4950 1827,4950"/>
                <TextEquiv>
                    <Unicode>La vida es una batalla que comienza desde</Unicode>
                </TextEquiv>
            </TextLine>
            <TextLine id="tr_1761395269_tl_38" custom="readingOrder {index:35;}">
                <Coords points="244,4964 1827,4988 1827,5038 244,5014"/>
                <Baseline points="244,5009 334,5009 423,5009 513,5009 603,5009 692,5015 782,5015 871,5015 961,5015 1050,5015 1140,5021 1230,5021 1319,5021 1409,5021 1498,5027 1588,5027 1677,5027 1767,5027 1827,5033"/>
                <TextEquiv>
                    <Unicode>que nosotras nacimos y termina cuando nosotras.</Unicode>
                </TextEquiv>
            </TextLine>
            <TextLine id="tr_1761395269_tl_39" custom="readingOrder {index:36;}">
                <Coords points="244,5036 1486,5060 1486,5110 244,5086"/>
                <Baseline points="244,5081 334,5087 423,5087 513,5087 603,5093 692,5087 782,5093 871,5087 961,5093 1050,5093 1140,5093 1230,5099 1319,5093 1409,5099 1486,5105"/>
                <TextEquiv>
                    <Unicode>bajamos al sepulcro: vivir es luchar.</Unicode>
                </TextEquiv>
            </TextLine>
            <TextLine id="tr_1761395269_tl_40" custom="readingOrder {index:37;}">
                <Coords points="674,5126 1415,5132 1415,5182 1391,5188 674,5176"/>
                <Baseline points="674,5171 764,5171 853,5171 943,5171 1033,5177 1122,5177 1212,5177 1301,5183 1391,5183 1415,5177"/>
                <TextEquiv>
                    <Unicode>Termina en la página 220</Unicode>
                </TextEquiv>
            </TextLine>
            <TextEquiv>
                <Unicode></Unicode>
            </TextEquiv>
        </TextRegion>
        <TextRegion id="tr_1761395273" custom="readingOrder {index:5;}">
            <Coords points="198,5208 1829,5208 1829,5649 198,5649"/>
            <TextLine id="tr_1761395269_tl_41" custom="readingOrder {index:0;}">
                <Coords points="316,5251 1827,5263 1827,5313 316,5301"/>
                <Baseline points="316,5296 406,5296 495,5296 585,5296 674,5296 764,5296 853,5296 943,5302 1033,5302 1122,5302 1212,5302 1301,5302 1391,5302 1480,5308 1570,5308 1660,5308 1749,5308 1827,5308"/>
                <TextEquiv>
                    <Unicode>El día en que todas las madres alimentarán</Unicode>
                </TextEquiv>
            </TextLine>
            <TextLine id="tr_1761395273_tl_1" custom="readingOrder {index:1;}">
                <Coords points="238,5317 1821,5341 1821,5391 238,5367"/>
                <Baseline points="238,5362 328,5368 417,5374 507,5368 597,5368 686,5374 776,5368 865,5374 955,5380 1044,5380 1134,5386 1224,5386 1313,5386 1403,5386 1492,5386 1582,5386 1671,5386 1761,5386 1821,5386"/>
                <TextEquiv>
                    <Unicode>á sus niños con la Harina Lacteada</Unicode>
                </TextEquiv>
            </TextLine>
            <TextLine id="tr_1761395273_tl_2" custom="readingOrder {index:2;}">
                <Coords points="238,5400 1815,5412 1815,5462 238,5450"/>
                <Baseline points="238,5445 328,5445 417,5445 507,5445 597,5445 686,5445 776,5445 865,5451 955,5451 1044,5451 1134,5451 1224,5457 1313,5451 1403,5457 1492,5457 1582,5457 1671,5457 1761,5457 1815,5457"/>
                <TextEquiv>
                    <Unicode>Nestle, será un hecho el pronto crecimiento</Unicode>
                </TextEquiv>
            </TextLine>
            <TextLine id="tr_1761395273_tl_3" custom="readingOrder {index:3;}">
                <Coords points="226,5472 1176,5484 1176,5534 226,5522"/>
                <Baseline points="226,5517 316,5517 406,5523 495,5523 585,5523 674,5523 764,5523 853,5523 943,5529 1033,5529 1122,5529 1176,5529"/>
                <TextEquiv>
                    <Unicode>de los habitantes del mundo.</Unicode>
                </TextEquiv>
            </TextLine>
            <TextEquiv>
                <Unicode></Unicode>
            </TextEquiv>
        </TextRegion>
        <TextRegion id="tr_1761395274" custom="readingOrder {index:6;}">
            <Coords points="1897,1904 3576,1904 3576,2304 1897,2304"/>
            <TextLine id="tr_1761395274_tl_3" custom="readingOrder {index:0;}">
                <Coords points="2054,2038 3433,2050 3433,2100 2054,2088"/>
                <Baseline points="2054,2083 2143,2083 2233,2083 2322,2083 2412,2089 2501,2089 2591,2089 2681,2089 2770,2095 2860,2089 2949,2095 3039,2089 3128,2089 3218,2089 3308,2089 3397,2089 3433,2095"/>
                <TextEquiv>
                    <Unicode>EL DONATIVO DE LOS MUERTOS EN</Unicode>
                </TextEquiv>
            </TextLine>
            <TextLine id="tr_1761395274_tl_4" custom="readingOrder {index:1;}">
                <Coords points="2352,2146 3105,2146 3105,2196 3069,2202 2352,2196"/>
                <Baseline points="2352,2191 2442,2197 2531,2197 2621,2197 2710,2197 2800,2197 2890,2197 2979,2197 3069,2197 3105,2191"/>
                <TextEquiv>
                    <Unicode>EL DIA DE DIFUNTOS</Unicode>
                </TextEquiv>
            </TextLine>
            <TextEquiv>
                <Unicode></Unicode>
            </TextEquiv>
        </TextRegion>
        <TextRegion id="tr_1761395270" custom="readingOrder {index:7;}">
            <Coords points="1859,2263 3556,2263 3556,5343 1859,5343"/>
            <TextLine id="tr_1761395270_tl_1" custom="readingOrder {index:0;}">
                <Coords points="1994,2427 3517,2439 3517,2489 3427,2495 1994,2477"/>
                <Baseline points="1994,2472 2083,2472 2173,2472 2263,2478 2352,2478 2442,2478 2531,2478 2621,2478 2710,2478 2800,2484 2890,2484 2979,2484 3069,2484 3158,2484 3248,2484 3337,2490 3427,2490 3517,2484"/>
                <TextEquiv>
                    <Unicode>La luna, en toda su plenitud, vertía á to-</Unicode>
                </TextEquiv>
            </TextLine>
            <TextLine id="tr_1761395270_tl_2" custom="readingOrder {index:1;}">
                <Coords points="1940,2504 3134,2516 3134,2566 1940,2554"/>
                <Baseline points="1940,2549 2030,2543 2119,2549 2209,2549 2298,2549 2388,2549 2478,2549 2567,2555 2657,2555 2746,2555 2836,2555 2925,2555 3015,2555 3105,2561 3134,2561"/>
                <TextEquiv>
                    <Unicode>rrentes los efluvios de su luz plateada.</Unicode>
                </TextEquiv>
            </TextLine>
            <TextLine id="tr_1761395270_tl_3" custom="readingOrder {index:2;}">
                <Coords points="2006,2582 3529,2600 3529,2650 2006,2632"/>
                <Baseline points="2006,2627 2095,2627 2185,2627 2275,2627 2364,2627 2454,2627 2543,2627 2633,2633 2722,2633 2812,2633 2902,2633 2991,2633 3081,2633 3170,2633 3260,2633 3349,2633 3439,2639 3529,2645"/>
                <TextEquiv>
                    <Unicode>Era media noche, y nada turbaba la soledad</Unicode>
                </TextEquiv>
            </TextLine>
            <TextLine id="tr_1761395270_tl_4" custom="readingOrder {index:3;}">
                <Coords points="1934,2654 2764,2660 2764,2710 2740,2715 1934,2704"/>
                <Baseline points="1934,2699 2024,2699 2113,2699 2203,2699 2292,2699 2382,2705 2472,2705 2561,2705 2651,2705 2740,2710 2764,2705"/>
                <TextEquiv>
                    <Unicode>de la dormida naturaleza.</Unicode>
                </TextEquiv>
            </TextLine>
            <TextLine id="tr_1761395270_tl_5" custom="readingOrder {index:4;}">
                <Coords points="2012,2731 3517,2737 3517,2787 3445,2793 2012,2781"/>
                <Baseline points="2012,2776 2101,2770 2191,2776 2281,2776 2370,2782 2460,2776 2549,2776 2639,2776 2728,2776 2818,2776 2908,2776 2997,2782 3087,2782 3176,2782 3266,2782 3355,2788 3445,2788 3517,2782"/>
                <TextEquiv>
                    <Unicode>Solo el suspiro de las flores se percibía su-</Unicode>
                </TextEquiv>
            </TextLine>
            <TextLine id="tr_1761395270_tl_6" custom="readingOrder {index:5;}">
                <Coords points="1940,2809 3021,2815 3021,2865 1940,2859"/>
                <Baseline points="1940,2854 2030,2848 2119,2848 2209,2848 2298,2848 2388,2848 2478,2854 2567,2854 2657,2854 2746,2854 2836,2854 2925,2854 3015,2860 3021,2860"/>
                <TextEquiv>
                    <Unicode>surrando entre el movible ramaje.</Unicode>
                </TextEquiv>
            </TextLine>
            <TextLine id="tr_1761395270_tl_7" custom="readingOrder {index:6;}">
                <Coords points="1982,2880 3517,2892 3517,2942 1982,2930"/>
                <Baseline points="1982,2925 2072,2925 2161,2925 2251,2925 2340,2925 2430,2925 2519,2931 2609,2925 2699,2925 2788,2931 2878,2931 2967,2931 3057,2931 3146,2931 3236,2931 3326,2931 3415,2937 3505,2937 3517,2937"/>
                <TextEquiv>
                    <Unicode>Sola yo, entre tanto cruzaba melancólica un</Unicode>
                </TextEquiv>
            </TextLine>
            <TextLine id="tr_1761395270_tl_8" custom="readingOrder {index:7;}">
                <Coords points="1922,2952 3517,2964 3517,3014 1922,3002"/>
                <Baseline points="1922,2997 2012,2997 2101,2997 2191,2997 2281,3003 2370,3003 2460,3003 2549,3003 2639,3003 2728,3009 2818,3003 2908,3003 2997,3009 3087,3009 3176,3009 3266,3009 3355,3009 3445,3009 3517,3009"/>
                <TextEquiv>
                    <Unicode>espacioso terreno en que apénas se descubria</Unicode>
                </TextEquiv>
            </TextLine>
            <TextLine id="tr_1761395270_tl_9" custom="readingOrder {index:8;}">
                <Coords points="1940,3030 2298,3036 2298,3086 1940,3080"/>
                <Baseline points="1940,3075 2030,3069 2119,3075 2209,3075 2298,3081"/>
                <TextEquiv>
                    <Unicode>vegetación.</Unicode>
                </TextEquiv>
            </TextLine>
            <TextLine id="tr_1761395270_tl_10" custom="readingOrder {index:9;}">
                <Coords points="2006,3107 3529,3113 3529,3163 2006,3157"/>
                <Baseline points="2006,3152 2095,3152 2185,3152 2275,3152 2364,3152 2454,3152 2543,3152 2633,3152 2722,3152 2812,3152 2902,3152 2991,3152 3081,3152 3170,3152 3260,3158 3349,3158 3439,3158 3529,3158"/>
                <TextEquiv>
                    <Unicode>El suelo, cubierto de innumerables abrojos</Unicode>
                </TextEquiv>
            </TextLine>
            <TextLine id="tr_1761395270_tl_11" custom="readingOrder {index:10;}">
                <Coords points="1940,3179 3517,3191 3517,3241 1940,3229"/>
                <Baseline points="1940,3224 2030,3224 2119,3224 2209,3224 2298,3224 2388,3224 2478,3224 2567,3230 2657,3230 2746,3230 2836,3230 2925,3230 3015,3230 3105,3230 3194,3230 3284,3230 3373,3230 3463,3236 3517,3236"/>
                <TextEquiv>
                    <Unicode>detenían de vez en cuando mis pasos; pero una</Unicode>
                </TextEquiv>
            </TextLine>
            <TextLine id="tr_1761395270_tl_12" custom="readingOrder {index:11;}">
                <Coords points="1922,3251 3523,3263 3523,3313 1922,3301"/>
                <Baseline points="1922,3296 2012,3296 2101,3296 2191,3302 2281,3296 2370,3302 2460,3302 2549,3302 2639,3302 2728,3302 2818,3302 2908,3308 2997,3302 3087,3308 3176,3308 3266,3308 3355,3308 3445,3308 3523,3308"/>
                <TextEquiv>
                    <Unicode>fuerza de voluntad, superior á la debilidad de</Unicode>
                </TextEquiv>
            </TextLine>
            <TextLine id="tr_1761395270_tl_13" custom="readingOrder {index:12;}">
                <Coords points="1922,3334 3505,3340 3505,3390 1922,3384"/>
                <Baseline points="1922,3379 2012,3373 2101,3373 2191,3379 2281,3379 2370,3379 2460,3379 2549,3379 2639,3379 2728,3379 2818,3379 2908,3379 2997,3379 3087,3379 3176,3379 3266,3379 3355,3385 3445,3385 3505,3385"/>
                <TextEquiv>
                    <Unicode>mi naturaleza, me hacía seguir siempre adelante.</Unicode>
                </TextEquiv>
            </TextLine>
            <TextLine id="tr_1761395270_tl_14" custom="readingOrder {index:13;}">
                <Coords points="1982,3400 3517,3412 3505,3468 1982,3450"/>
                <Baseline points="1982,3445 2072,3451 2161,3451 2251,3451 2340,3451 2430,3451 2519,3451 2609,3451 2699,3451 2788,3451 2878,3451 2967,3451 3057,3457 3146,3457 3236,3457 3326,3457 3415,3457 3505,3463 3517,3457"/>
                <TextEquiv>
                    <Unicode>Vestía completamente de negro, y el cabello</Unicode>
                </TextEquiv>
            </TextLine>
            <TextLine id="tr_1761395270_tl_15" custom="readingOrder {index:14;}">
                <Coords points="1928,3478 3505,3495 3505,3545 1928,3528"/>
                <Baseline points="1928,3523 2018,3523 2107,3523 2197,3523 2287,3523 2376,3529 2466,3529 2555,3523 2645,3529 2734,3529 2824,3523 2914,3523 3003,3529 3093,3535 3182,3529 3272,3529 3361,3535 3451,3535 3505,3540"/>
                <TextEquiv>
                    <Unicode>suelto me envolvía en sus ondas prolongadas,</Unicode>
                </TextEquiv>
            </TextLine>
            <TextLine id="tr_1761395270_tl_16" custom="readingOrder {index:15;}">
                <Coords points="1922,3549 3523,3561 3523,3611 3445,3617 1922,3599"/>
                <Baseline points="1922,3594 2012,3594 2101,3594 2191,3600 2281,3600 2370,3600 2460,3600 2549,3600 2639,3600 2728,3600 2818,3600 2908,3600 2997,3600 3087,3600 3176,3600 3266,3606 3355,3606 3445,3612 3523,3606"/>
                <TextEquiv>
                    <Unicode>como en un vaporoso y espeso velo. Un frío</Unicode>
                </TextEquiv>
            </TextLine>
            <TextLine id="tr_1761395270_tl_17" custom="readingOrder {index:16;}">
                <Coords points="1928,3639 3493,3633 3493,3683 3403,3689 1928,3689"/>
                <Baseline points="1928,3684 1970,3678 2060,3672 2149,3678 2239,3678 2328,3678 2418,3678 2507,3678 2597,3672 2687,3678 2776,3678 2866,3678 2955,3678 3045,3678 3134,3678 3224,3678 3314,3684 3403,3684 3493,3678"/>
                <TextEquiv>
                    <Unicode>glacial parecía querer prestar calor á mi cora-</Unicode>
                </TextEquiv>
            </TextLine>
            <TextLine id="tr_1761395270_tl_18" custom="readingOrder {index:17;}">
                <Coords points="1922,3693 3505,3710 3505,3760 3439,3766 1922,3743"/>
                <Baseline points="1922,3738 2006,3749 2095,3749 2185,3749 2275,3749 2364,3749 2454,3749 2543,3749 2633,3749 2722,3749 2812,3755 2902,3755 2991,3755 3081,3755 3170,3755 3260,3755 3349,3761 3439,3761 3505,3755"/>
                <TextEquiv>
                    <Unicode>zón que latía débilmente. ¡Dios mío! ¡qué</Unicode>
                </TextEquiv>
            </TextLine>
            <TextLine id="tr_1761395270_tl_19" custom="readingOrder {index:18;}">
                <Coords points="1928,3782 2872,3782 2872,3832 1928,3832"/>
                <Baseline points="1928,3827 2018,3821 2107,3821 2197,3821 2287,3821 2376,3821 2466,3821 2555,3821 2645,3821 2734,3827 2824,3827 2872,3827"/>
                <TextEquiv>
                    <Unicode>triste era cuanto me rodeaba!</Unicode>
                </TextEquiv>
            </TextLine>
            <TextLine id="tr_1761395270_tl_20" custom="readingOrder {index:19;}">
                <Coords points="1988,3854 3505,3860 3505,3910 1988,3904"/>
                <Baseline points="1988,3899 2078,3893 2167,3899 2257,3899 2346,3899 2436,3893 2525,3899 2615,3899 2705,3899 2794,3899 2884,3905 2973,3899 3063,3905 3152,3899 3242,3905 3331,3905 3421,3905 3505,3905"/>
                <TextEquiv>
                    <Unicode>La luna parecía una lámpara funeraria sus-</Unicode>
                </TextEquiv>
            </TextLine>
            <TextLine id="tr_1761395270_tl_21" custom="readingOrder {index:20;}">
                <Coords points="1916,3931 3505,3943 3505,3993 1916,3981"/>
                <Baseline points="1916,3976 2006,3970 2095,3970 2185,3970 2275,3970 2364,3970 2454,3970 2543,3970 2633,3970 2722,3976 2812,3976 2902,3976 2991,3976 3081,3982 3170,3976 3260,3982 3349,3982 3439,3982 3505,3988"/>
                <TextEquiv>
                    <Unicode>pendida en el inmenso panteon: luego abrojos,</Unicode>
                </TextEquiv>
            </TextLine>
            <TextLine id="tr_1761395270_tl_22" custom="readingOrder {index:21;}">
                <Coords points="1910,4003 2764,4009 2764,4059 1910,4053"/>
                <Baseline points="1910,4048 2000,4048 2089,4048 2179,4048 2269,4048 2358,4048 2448,4048 2537,4048 2627,4054 2716,4054 2764,4054"/>
                <TextEquiv>
                    <Unicode>abrojos, aridéz, soledad....</Unicode>
                </TextEquiv>
            </TextLine>
            <TextLine id="l" custom="readingOrder {index:22;}">
                <Coords points="2665,4114 2720,4110 2718,4080 2663,4084"/>
                <Baseline points="2665,4114 2720,4110"/>
                <TextEquiv>
                    <Unicode>II.</Unicode>
                </TextEquiv>
            </TextLine>
            <TextLine id="tr_1761395270_tl_23" custom="readingOrder {index:23;}">
                <Coords points="1988,4146 3505,4164 3505,4214 1988,4196"/>
                <Baseline points="1988,4191 2078,4197 2167,4197 2257,4191 2346,4191 2436,4197 2525,4197 2615,4197 2705,4197 2794,4197 2884,4197 2973,4197 3063,4203 3152,4209 3242,4203 3331,4203 3421,4203 3505,4209"/>
                <TextEquiv>
                    <Unicode>Después de una marcha penosa y prolongada</Unicode>
                </TextEquiv>
            </TextLine>
            <TextLine id="tr_1761395270_tl_24" custom="readingOrder {index:24;}">
                <Coords points="1910,4218 3505,4236 3505,4286 1910,4268"/>
                <Baseline points="1910,4263 2000,4269 2089,4269 2179,4269 2269,4269 2358,4269 2448,4269 2537,4269 2627,4269 2716,4269 2806,4269 2896,4275 2985,4275 3075,4275 3164,4275 3254,4275 3343,4281 3433,4281 3505,4281"/>
                <TextEquiv>
                    <Unicode>llegué á la alameda espaciosa, completamente</Unicode>
                </TextEquiv>
            </TextLine>
            <TextLine id="tr_1761395270_tl_25" custom="readingOrder {index:25;}">
                <Coords points="1928,4302 3493,4302 3451,4358 1928,4352"/>
                <Baseline points="1928,4347 2018,4341 2107,4347 2197,4347 2287,4347 2376,4347 2466,4347 2555,4347 2645,4347 2734,4347 2824,4347 2914,4347 3003,4353 3093,4353 3182,4353 3272,4353 3361,4353 3451,4353 3493,4347"/>
                <TextEquiv>
                    <Unicode>bañada por la luna. Un arco de piedras ser-</Unicode>
                </TextEquiv>
            </TextLine>
            <TextLine id="tr_1761395270_tl_26" custom="readingOrder {index:26;}">
                <Coords points="1928,4373 3027,4385 3027,4435 1928,4423"/>
                <Baseline points="1928,4418 2018,4418 2107,4418 2197,4418 2287,4418 2376,4418 2466,4418 2555,4418 2645,4418 2734,4418 2824,4418 2914,4418 3003,4430 3027,4430"/>
                <TextEquiv>
                    <Unicode>vía de entrada al misterioso paseo.</Unicode>
                </TextEquiv>
            </TextLine>
            <TextLine id="tr_1761395270_tl_27" custom="readingOrder {index:27;}">
                <Coords points="1994,4451 3493,4463 3493,4513 1994,4501"/>
                <Baseline points="1994,4496 2083,4496 2173,4490 2263,4490 2352,4496 2442,4496 2531,4496 2621,4496 2710,4496 2800,4496 2890,4496 2979,4502 3069,4496 3158,4496 3248,4502 3337,4502 3427,4508 3493,4508"/>
                <TextEquiv>
                    <Unicode>Quise entrar en su recinto y un frio terrible</Unicode>
                </TextEquiv>
            </TextLine>
            <TextLine id="tr_1761395270_tl_28" custom="readingOrder {index:28;}">
                <Coords points="1916,4529 3314,4535 3314,4585 1916,4579"/>
                <Baseline points="1916,4574 2006,4568 2095,4574 2185,4568 2275,4568 2364,4568 2454,4568 2543,4574 2633,4574 2722,4574 2812,4574 2902,4574 2991,4574 3081,4574 3170,4580 3260,4580 3314,4580"/>
                <TextEquiv>
                    <Unicode>me impedía dar un solo paso: al cabo entré.</Unicode>
                </TextEquiv>
            </TextLine>
            <TextLine id="l_1" custom="readingOrder {index:29;}">
                <Coords points="2657,4646 2733,4646 2733,4616 2657,4616"/>
                <Baseline points="2657,4646 2733,4646"/>
                <TextEquiv>
                    <Unicode>III.</Unicode>
                </TextEquiv>
            </TextLine>
            <TextLine id="tr_1761395270_tl_29" custom="readingOrder {index:30;}">
                <Coords points="1988,4690 3493,4696 3493,4746 3421,4752 1988,4740"/>
                <Baseline points="1988,4735 2078,4735 2167,4735 2257,4735 2346,4735 2436,4735 2525,4735 2615,4735 2705,4741 2794,4735 2884,4735 2973,4735 3063,4741 3152,4741 3242,4741 3331,4741 3421,4747 3493,4741"/>
                <TextEquiv>
                    <Unicode>Infinidad de personas paseaban hablando ami-</Unicode>
                </TextEquiv>
            </TextLine>
            <TextLine id="tr_1761395270_tl_30" custom="readingOrder {index:31;}">
                <Coords points="1898,4773 3505,4773 3505,4823 1898,4823"/>
                <Baseline points="1898,4818 1988,4806 2078,4806 2167,4806 2257,4812 2346,4812 2436,4812 2525,4812 2615,4812 2705,4812 2794,4812 2884,4812 2973,4812 3063,4818 3152,4818 3242,4824 3331,4818 3421,4818 3505,4818"/>
                <TextEquiv>
                    <Unicode>gablemente; pero ¡cosa extraña! sus pasos no</Unicode>
                </TextEquiv>
            </TextLine>
            <TextLine id="tr_1761395270_tl_31" custom="readingOrder {index:32;}">
                <Coords points="1904,4851 2454,4845 2454,4895 1904,4901"/>
                <Baseline points="1904,4896 1916,4896 2006,4884 2095,4884 2185,4884 2275,4884 2364,4884 2454,4890"/>
                <TextEquiv>
                    <Unicode>producían ruido.</Unicode>
                </TextEquiv>
            </TextLine>
            <TextLine id="tr_1761395270_tl_32" custom="readingOrder {index:33;}">
                <Coords points="1982,4905 3493,4929 3493,4979 1982,4955"/>
                <Baseline points="1982,4950 2072,4956 2161,4962 2251,4962 2340,4962 2430,4962 2519,4962 2609,4962 2699,4962 2788,4956 2878,4956 2967,4962 3057,4962 3146,4968 3236,4968 3326,4968 3415,4968 3493,4974"/>
                <TextEquiv>
                    <Unicode>Otros, sentados en blancos asientos, parecían</Unicode>
                </TextEquiv>
            </TextLine>
            <TextLine id="tr_1761395270_tl_33" custom="readingOrder {index:34;}">
                <Coords points="1904,4988 3493,5006 3493,5056 1904,5038"/>
                <Baseline points="1904,5033 1994,5027 2083,5033 2173,5033 2263,5033 2352,5033 2442,5033 2531,5039 2621,5033 2710,5039 2800,5033 2890,5039 2979,5039 3069,5039 3158,5039 3248,5045 3337,5045 3427,5045 3493,5051"/>
                <TextEquiv>
                    <Unicode>disputar de una paz letárgica que embotaba</Unicode>
                </TextEquiv>
            </TextLine>
            <TextLine id="tr_1761395270_tl_34" custom="readingOrder {index:35;}">
                <Coords points="1892,5066 2967,5066 2967,5116 1892,5116"/>
                <Baseline points="1892,5111 1982,5105 2072,5111 2161,5111 2251,5111 2340,5111 2430,5111 2519,5111 2609,5111 2699,5111 2788,5111 2878,5111 2967,5111"/>
                <TextEquiv>
                    <Unicode>en ellos el sentimiento de pensar.</Unicode>
                </TextEquiv>
            </TextLine>
            <TextLine id="tr_1761395270_tl_35" custom="readingOrder {index:36;}">
                <Coords points="2346,5144 3063,5144 3063,5194 2346,5194"/>
                <Baseline points="2346,5189 2436,5189 2525,5189 2615,5189 2705,5189 2794,5189 2884,5189 2973,5189 3063,5189"/>
                <TextEquiv>
                    <Unicode>Termina en la página 220</Unicode>
                </TextEquiv>
            </TextLine>
            <TextEquiv>
                <Unicode></Unicode>
            </TextEquiv>
        </TextRegion>
        <TextRegion id="tr_1761395276" custom="readingOrder {index:8;}">
            <Coords points="1824,5227 3584,5227 3584,5538 1824,5538"/>
            <TextLine id="tr_1761395270_tl_36" custom="readingOrder {index:0;}">
                <Coords points="1958,5257 3493,5275 3481,5331 1958,5307"/>
                <Baseline points="1958,5302 2048,5308 2137,5314 2227,5308 2316,5314 2406,5308 2496,5308 2585,5308 2675,5308 2764,5308 2854,5308 2943,5308 3033,5314 3123,5314 3212,5314 3302,5320 3391,5320 3481,5326 3493,5320"/>
                <TextEquiv>
                    <Unicode>Dad por cada comida á un niño de dos</Unicode>
                </TextEquiv>
            </TextLine>
            <TextLine id="tr_1761395276_tl_1" custom="readingOrder {index:1;}">
                <Coords points="1904,5335 3487,5353 3487,5403 1904,5385"/>
                <Baseline points="1904,5380 1994,5380 2083,5380 2173,5386 2263,5380 2352,5380 2442,5386 2531,5386 2621,5386 2710,5386 2800,5386 2890,5392 2979,5392 3069,5392 3158,5392 3248,5398 3337,5398 3427,5398 3487,5398"/>
                <TextEquiv>
                    <Unicode>meses, una cucharadita de Harina Lac-</Unicode>
                </TextEquiv>
            </TextLine>
            <TextLine id="tr_1761395276_tl_2" custom="readingOrder {index:2;}">
                <Coords points="1892,5412 3481,5418 3481,5468 3415,5474 1892,5462"/>
                <Baseline points="1892,5457 1982,5457 2072,5457 2161,5463 2251,5463 2340,5463 2430,5463 2519,5457 2609,5463 2699,5457 2788,5463 2878,5463 2967,5463 3057,5463 3146,5463 3236,5463 3326,5463 3415,5469 3481,5463"/>
                <TextEquiv>
                    <Unicode>tenda Nestle mezclada con siete cuchara-</Unicode>
                </TextEquiv>
            </TextLine>
            <TextLine id="tr_1761395276_tl_3" custom="readingOrder {index:3;}">
                <Coords points="1892,5484 2621,5490 2621,5540 1892,5534"/>
                <Baseline points="1892,5529 1982,5529 2072,5535 2161,5535 2251,5535 2340,5535 2430,5529 2519,5535 2609,5535 2621,5535"/>
                <TextEquiv>
                    <Unicode>ditas de agua hervida.</Unicode>
                </TextEquiv>
            </TextLine>
            <TextEquiv>
                <Unicode></Unicode>
            </TextEquiv>
        </TextRegion>
    </Page>
</PcGts>
