3848 6113
441 528 596 584 220
1683 474 2161 530 "FILIPINAS"
399 1095 1122 1169 Hilos y Algodones
531 1011 1014 1061 Costureros
525 940 1002 990 Sombreros
447 844 1080 906 Porta abanicos
519 754 1026 822 ABANICOS
1623 1047 2262 1115 49 Escolta 49
1379 880 2501 972 LA PUERTA DE SOL
1570 713 2286 787 ...BAZAR...
2835 671 3402 739 GRAN SURTIDO EN
2823 766 3384 828 Pelnetas con
2817 856 3420 924 y sin piedras
2763 951 3462 1007 Crepes-Postizos
2955 1023 3271 1091 y Rizos
382 1268 1826 1366 El donativo de los muertos en el dia de difuntos
692 1381 1552 1461 Terminación de la página 219
394 1453 1910 1539 Yo sola, medrosa y temblando, era cual planta
316 1525 1904 1622 exótica en aquel jardin inodoro en que, flores
328 1602 1904 1700 y árboles parecían los bastidores de un teatro.
340 1704 1086 1778 Tal era su inmovilidad.
1070 1774 1145 1807 IV.
423 1835 1904 1921 Allí no había brisas, ni voces, ni perfumes,
328 1936 674 1998 ni vida....
423 1978 1916 2076 ¡Sufría tanto! y sin embargo, me retraía
340 2050 1904 2136 de salir cierto bienestar parecido á la tranqui-
346 2157 949 2219 lidad de la muerte.
405 2217 1886 2291 Entonces fijé mi atención en los paseantes, y
352 2277 1928 2374 un grito ahogado se escapó de mis labios fríos
340 2384 829 2440 como la nieve.
429 2432 1928 2518 Eran aquellos tan blancos, tan pálidos, como
340 2498 1910 2589 el mármol donde tomaban asiento. Sus ojos bri-
346 2575 1934 2667 llantes pero sin expresión, hacían daño cuando
358 2653 1922 2739 miraban: sus movimientos pansados, mecánicos,
346 2730 1928 2816 hacían en mí una impresión dolorosa y me
358 2802 1922 2900 parecía estar viendo figuras de cera puestas en
364 2874 1946 2971 movimiento por algún oculto resorte: cuando mi
364 2951 1940 3037 vista se fué acostumbrando á la luz pálida de la
370 3017 1940 3115 luna y de los blancos personajes, reconocí entre
364 3101 1755 3192 ellos séres queridos perdidos tiempos hacía.
435 3172 1940 3264 Tú, estabas también: tú á quien un día lla-
376 3280 919 3342 maba mi madre.
441 3327 1952 3413 ¡Madré, madre mía!.... deja que aún ahora
376 3393 1940 3491 te dé este dulce nombre; deja que te rinda
376 3477 1946 3562 un tierno y melancólico tributo, una lágrima
376 3578 949 3634 de cariñe filial....
459 3638 1444 3706 No consignaré aqui tu nombre.
453 3721 823 3783 ¿Para qué?
465 3781 1605 3855 Ya se ha borrado de entre los vivos.
471 3847 1964 3927 Tú recuerdo solo vive en el corazon de tu
382 3918 1940 4004 esposo é hijos, que, apesar del poder destructor
388 3984 1970 4082 de la Muerte no lo ha podido extinguir ni lo
376 4068 1958 4153 conseguirá jamás. Tu memoria para nosotros es
388 4175 847 4237 imperecederá.
1151 4230 1182 4260 V.
465 4283 1975 4380 Al ver fisonomías queridas se reanimó mi
399 4360 1970 4458 espíritu. El pavor dejó su lugar á un bienestar
394 4462 985 4541 parecido al sueño.
465 4521 1964 4601 Solo el frio helaba mis miembros intensamente,
394 4587 1975 4691 y á pesar del aire penetrante que me impedía
394 4677 1581 4750 respirar, gozaba allí de tanta calma!
495 4730 1975 4822 Nada turbaba aquel silencio magestuoso; todos
394 4820 1731 4912 parecían ser felices, y lo eran en realidad.
483 4885 1970 4977 El mundanal ruido no llegaba á traslimitar
399 4987 913 5055 aquellos muros.
1149 5044 1217 5077 VI.
477 5106 1999 5192 Sobreponiéndome al estupor que todo aquello
394 5184 1981 5270 me causaba, quise hacer notar mi presencia,
411 5256 1970 5353 y me dirijí á uno de los que paseaban, pre-
405 5357 799 5431 guntándole:
501 5399 1987 5485 --¿Quereis decirme donde estoy, pues no co-
417 5512 931 5568 nozco este sitio?
2220 1220 3319 1306 El trabajo dignifica á la mujer
2340 1328 3163 1401 Terminación de la página 219
2053 1381 3546 1491 Una jóven del pueblo honrada y hacendosa
1981 1459 3551 1569 que ha recibido una educacion moral y una ins-
1981 1536 3551 1628 trucción solida contrae matrimonio con otro
1970 1620 3569 1712 hijo del pueblo que ha sido simpático á su
1970 1692 3551 1783 corazon. El amor une á aqnellos dos séres,
1999 1763 3551 1867 que no tienen otro matrimonio que el trabajo.
1981 1841 3569 1939 La felicidad del pobre nido donde se cobijan
1993 1913 3563 2010 depende exclusivamente de la mujer, que poco
1987 1990 3569 2088 á poco, con la perseverancia, la dulzura de
1981 2062 3563 2160 carácter, el cariño y la paciencia, llega á con-
1999 2139 3563 2243 quistar la voluntad de su marido y con el tra-
1993 2217 3575 2315 bajo de ambos se consideran los mortales más
1999 2324 2632 2392 felices del mundo.
2071 2378 3581 2464 Procurad pues, ser hacendosas y trabajadoras.
2077 2444 3581 2536 Con la perseverancia y amor al trabajo con-
2011 2521 3557 2613 quistaron elevados puestos en la sociedad mu-
2017 2635 2740 2691 chas hijas del pueblo.
2101 2748 3581 2828 —No es extraño,—me contestó parando su
2005 2820 3569 2918 paso y con una voz sin eco.—Estáis en la man-
2005 2927 2590 2989 sión de la muerte.
2101 2975 3581 3049 —¡Dios míol con qué todos los que están
2017 3077 2590 3133 á mi vista son....?
2119 3142 2847 3198 —¡Muertos! ¡Muertos!
2101 3214 3074 3270 —¿Yo, estoy muerta también?
2113 3280 3593 3348 —Nó, estaís viva aún; pero por un especial
2023 3351 3587 3437 favor pasais entre nosotros la noche de difuntos.
2137 3429 3259 3497 —¿Estamos en la noche de difuntos?
2113 3506 3587 3568 —Sí. ¿Porqué temblais? Aquí todo es calma,
2041 3572 3593 3652 bienestar. Nada turba nuestro reposo, teniendo
2047 3650 3593 3730 aquí término lo que altera la existencia, no
2035 3739 2966 3801 hay luchas, no hay lágrimas.
2101 3805 3253 3861 —¡Pero estas plantas sin arroma!....
2125 3883 3599 3933 —Son eternas, porque no pierden perfume
2035 3972 2322 4034 ni savia.
2143 4044 2907 4094 —¡Y este aire helado!...
2125 4103 3193 4165 —Es apacible brisa para nosotros.
2131 4175 3599 4237 —Sin embargo yo quiero marcharme. Tengo
2041 4253 3146 4327 miedo, tengo frio. ¡Aquí sola....!
2119 4324 3599 4386 —Sola no. Tansiang, dijo una voz á mi es-
2059 4402 3617 4476 palda. Me volví con presteza, y una multitud
2047 4486 2835 4553 de muertos me rodeaba.
2131 4545 3623 4625 Entonces quise correr y no pude; procuré
2053 4617 3611 4703 gritar y no hallé voz en mi garganta; y aba-
2053 4688 3629 4768 tida y trémula permanecí inmóvil, mientras mis
2059 4772 3629 4846 labios murmuraban una oración por el descanso
2065 4862 2650 4924 de aquellas almas.
2119 4915 3623 4995 Cuando terminé de rezar, tornó á desaparecer
2059 4993 3623 5067 el miedo que embargaba mis movimientos, y
2059 5065 3617 5144 la calma interior inundó mi corazón de su so-
2077 5154 2590 5222 siego sin límites.
3229 5148 3563 5198 TANSIANG.
2190 5238 2596 5300 (Se Concluirá)
2125 5309 3635 5389 Gastronomos, ¿quereís comer cosas riquísi-
2077 5375 3641 5461 mas? Probad los renombrados bizcochos de LA FOR-
2083 5453 3229 5521 TUNA que expende LA ESPERANZA.
