3769 6192
1594 480 2101 554 FILIPINAS"
3262 498 3351 528 221
507 826 1636 882 Cronica de la semana.
334 1083 1833 1151 SABADO 16.—Según cablegrama recibido por
262 1125 1833 1229 "Libertas", ha conmovido grandemente á los
268 1226 1827 1300 socialistas y anarquistas en Roma, Napoles,
274 1304 1845 1378 Milan, París y Buenos Aires el fusilamiento de
262 1370 1833 1449 Francisco Ferrer Guardia en Barcelona, suspen-
250 1453 1833 1527 diendo en Buenos Aires sus trabajos en señal
238 1531 1821 1605 de luto y simpatía, organizando en talia ma-
250 1608 1839 1676 nifestaciones de protesta, lanzando en París los
256 1680 1827 1754 manifestantes mueras contra Alfonso XIII.
250 1758 782 1820 y contra Maura.
340 1835 1815 1903 El Sr. Martin Ocampo hace un llamamiento
244 1907 1827 1975 al pueblo filipino para la organización de una
250 1979 1833 2047 Compania. Nacional Economica de
268 2062 1833 2124 Filipinas con un capital de P200.000, di-
262 2128 1821 2196 ciendo que es un suicidio cruzarse de
256 2212 1821 2274 brazos. Hace algunos meses este humilde
250 2283 1839 2351 semanario hizo lo mismo con el fin de formar
244 2355 1827 2423 una COMPANIA NACIONAL DE MUJERES, y nues-
244 2432 1833 2500 tros clamores perdiéronse lastimosamente en el
256 2510 1839 2572 desierto de la indiferencia. Deseamos al Señor
238 2582 967 2644 Ocampo mejor éxito.
310 2659 1833 2721 Los Sres. J. Abraham y J. E. del Rosario
250 2731 1833 2793 fueron arrestados por infracción de la ley de
250 2809 1839 2871 banderas; el primero porque llevaba envueltos
232 2880 1809 2948 en un paquete sellos del Gobierno de Malolos,
256 2964 1827 3026 y el segundo, por los botones que usaba. Por
250 3036 1731 3098 lo que se ve es un crimen acordarse de aquello.
322 3113 1833 3169 Asciende á P6.000.000 los daños causados
250 3179 1821 3241 en la Florida por un huracan que desfogó en
238 3257 1827 3324 dicho territorio y en Cuba, donde hizo también
238 3328 853 3384 inmensos destrozos.
322 3406 1809 3474 DOMINGO 17.—Se ha celebrado en el arrabal
250 3477 1809 3545 de Santa Cruz, Manila, el último dia del no-
256 3555 1809 3623 venario á la Virgen Ntra. Sra. del Pilar. La
256 3633 1815 3695 procesión se hizo á oscuras, á causa del fuerte
250 3704 1821 3766 viento que reinaba y el cual ha derribado al-
232 3782 1827 3844 gunas cercas, casitas de arboles, interrumpiendo
226 3854 1528 3922 además, las líneas férreas de telegráficas.
322 3931 1815 3993 LUNES 18.—El teniente Patrich Shao, de Guías
238 3997 1803 4065 filipinos telegrafía que el 9 del actual, en Dumas.
244 4075 1815 4142 Cebú, el sargento Catalino Doranila, mató á
226 4152 1821 4220 su compañero Emilio Gerona, suicidándose
244 4224 519 4286 después.
328 4307 1815 4369 MARTES 19.—El Hon. Sr. Sergio Osmeña
244 4379 1134 4435 llegó esta mañana á Manila.
322 4451 1827 4513 —E. B. Williams, americano, estafetero del
238 4528 1803 4590 pueblo de Parang-parang, Mindanao, presentó.
238 4606 1809 4662 hace algún tiempo denuncia de que la Oficina
226 4678 1809 4740 de Correos á su cargo ha sido robada; más,
238 4749 1809 4811 como, al practicar las debidas investigaciones
238 4821 1815 4889 resultase que no ha habido semejante robo,
244 4899 1809 4960 sino que notaba la falta de P5.666 en las
238 4970 1815 5038 cuentas del acusado, prosedirse á la detención
232 5054 1821 5116 de este, asi como á la del empleado á sur ór-
1898 4009 3481 4083 denes Basilio Martinez. Williams está en li-
1898 4086 2854 4142 bertad bajo fianza de P9.000.
1964 4158 3469 4232 —Murió en la noche del 13 del actual, en
1898 4230 3481 4304 Sexmoan, Pampanga, á edad de CIENTO TREINTA
1898 4313 3487 4381 AÑOS, la viuda Estanislawa Magat, la cual ha
1898 4385 3487 4453 tenido en un sola matrimonio 14 hijos, de
1898 4463 3481 4525 los que aún viven seis, nietos 93, de los que
1904 4534 3475 4602 sobreviven 10 y murieron 53: biznietos 162 de
1898 4612 3481 4680 los que sobreviven 77 y murieron 85, y tata-
1904 4690 3481 4752 ranietos 4. de los que sobreviven 2 y murieron
1898 4755 3481 4829 2: descendienes que hacen un total de 272
1904 4833 2203 4895 porsonas.
1964 4910 3475 4972 Felix de Jesus, reo de asesinato, será eje-
1892 4982 2985 5044 cutado en Bilibid el 29 del actual.
1976 5054 3481 5122 —Por bandolerismo en Samar, la Corte Su-
1892 5137 3481 5205 prema ha condendo á la pena de muerte á
1898 5209 3475 5271 Juan Caspe.—Bernabé Santos, condenado á
1892 5281 3487 5349 muerte consiguió escaparse hace algunos años
1892 5358 2758 5414 del cuartelillo del Parian:
1958 5430 3481 5498 Hay acaba de ser detenido por la policia
1874 5508 3146 5570 dicho Santos y será ejecutado en breve.
298 5191 1827 5253 LA HARINA LACTEADA NESTLE se prepara po-
232 5263 1809 5331 niendo un poco de agua mezclandola con la
238 5340 1803 5402 Harina hasta convertirla en papilla; se añade
244 5418 1809 5474 luego más agua, cantidad suficiente se la re-
244 5496 1570 5558 vuelve y se hierve unos cuantos minutos.
2089 826 3373 876 Dos benemeritas de la humanidad
2000 1083 3499 1139 Refiere el corresponsal en Nueva York de
1916 1155 3510 1211 nuestro colega "El Mercantil" en carta fechada
1916 1232 3510 1288 el 11 de Septiembre de 1994. 'los siguientes he-
1916 1310 3493 1366 chos llevados á cabo por dos mujeres, verdaderas
1928 1382 3505 1438 beneméritas de la Humanidad que merecen ser
1922 1453 3522 1515 conocidas por nuestras apreciables lectoras Dice
1916 1537 2442 1587 así dicha carta:
1988 1603 3499 1664 A la influencia benéfica de dos muieres de-
1922 1686 3493 1742 berán millones de niños su redención física y
1910 1758 3505 1814 moral, por que la una con su solicitud desinte-
1910 1829 3493 1885 resada y la otra con su dinero han ampliado
1916 1907 3493 1963 el campo de aplicación de los conocimientos
1910 1985 3499 2041 científicos y abierto nuevos horizontes al estudio
1904 2062 2388 2118 de la infancia.
1958 2140 3499 2190 La Srta, Margaret T. Maguire, maestra de una
1910 2212 3499 2268 de las escuelas públicas de Filadelfia se pre-
1910 2289 3481 2339 sentó un día, hace ya de esto más de diez años,
1910 2361 3499 2417 solicitando ver al Dr. Witmer, jefe del labora-
1910 2432 3493 2494 torio psicólogico de la Universidad de Pensil-
1910 2510 3505 2566 silvania, acompañada de un muchacho de catorce
1898 2588 3499 2644 años, de apariencia inteligente y cultos modales.
1910 2665 3499 2721 Este muchacho había sido su discipulo favorito,
1928 2743 3469 2793 por su puntualidad y aplicación en las clases,
1898 2815 3505 2871 á pesar de ser el hazmereir de sus compañeros
1916 2886 3499 2942 por su incorregible defecto en la pronunciación
1910 2964 3481 3020 de las palabras. No es que leyera mal algu-
1898 3042 3499 3098 nas voces y algunas veces, sino que las leía
1898 3113 3493 3169 mal todas y siempre, aunque pusiera el mayor
1910 3185 3499 3241 cuidado en la recitación de algún trozo de lec-
1910 3262 3499 3324 tura predilecto. Era absolutamente incapaz
1922 3334 3475 3402 para recitar un parrafo correctamente. Con-
1898 3412 3481 3474 fundía y trastocaba todas las palabras de cons-
1910 3483 3469 3545 trucción parecida. Leín "saw" por "was,"
1916 3549 2173 3611 "water" por "weather;" escribía "hta" por
1934 3633 2101 3689 that", "soas" por "soap"; é inventaba infi-
1886 3710 3463 3772 nidad de combinaciones arbitrarias semejantes.
1904 3794 3487 3850 Esta extraña aberración había fastidiado á sus
2322 3872 3069 3927 Continúa en la página 222
