3888 6153
454 462 621 524 2
1696 414 2222 494 "FILIPINAS"
310 624 1941 674 RRRRRRRRRRRRRRRRRRRRR
316 773 1642 835 E Y CONOCIMIENTOS ÚTILES
328 934 1935 1008 RRRRRRRRR
412 1036 1947 1104 Cuando se mete una varilla por la jareta de una
334 1113 1923 1187 cortina conviene poner en la punta de la pri¬
346 1191 1947 1271 mera un dedal, porque de este modo entra más
328 1275 1278 1343 fácilmente y no rasga la tela.
388 1358 1941 1426 Las manchas de barro del calzado de color se
340 1436 1935 1498 quitan frotándolas con un pedazo de patata
346 1502 1935 1588 cruda. Después se limpia el calzado como de
340 1609 681 1659 ordinario.
412 1651 1917 1725 Dorado del marfil y del vidcio.—Tráceso, el di¬
346 1729 1941 1815 bujo que baya de lorarse con un pincel de
346 1800 1923 1892 pelo ne camello mojado en eloruro de oro, y
346 1878 1929 1970 póngase después el marfil ó vidrio sobre la
352 1950 1935 2036 boca de un frasco en el que se esté produ¬
340 2027 1935 2107 ciendo hidrógeno, lo cual se consigno echando
340 2099 1959 2185 cido sulfúrico diluido sobre recortaduras de
340 2177 1941 2257 zino. El hidrógeno reduce el cloruro de oro
352 2254 1953 2334 convirtiéndolo en oro metálico, que muy pronto
352 2332 1941 2412 adquiere su brillo caracteristico, Por supuesto,
352 2404 1965 2490 la capa le oro que se forma es sumamente
346 2505 651 2567 delgada.
424 2565 1965 2639 Un jahon liquido muy bueno y sumamente ba¬
364 2649 1965 2729 rato en relación á su utilidad, puede hacerse
370 2732 1170 2806 con la siguiente fórmula:
436 2816 1756 2884 Hidróxido de sodio----- 10 gramos
448 2894 1326 2962 Hidróxido de potasio¬
1397 2894 1600 2950 10
448 2959 1971 3039 Accite de algodón ----- 500 cénts, cúbicos
459 3037 1505 3111 Alcohol 250
448 3121 1499 3189 Agua destilada para hacor 2.500
448 3198 1971 3278 En un recipiente tal como una botella con
376 3264 1953 3356 tapón de vidrio, se disuelven los hidróxidos
376 3342 1959 3427 de potasio y sodio en 250 centímetros cúbicos
370 3413 1953 3505 de agua destilada, se añade el alcohol y luego se
382 3497 1971 3577 ya ngregando en tres ó cuatro veces, el accite
364 3569 1959 3649 de algodón, removiendo bien la mezcla después
364 3640 1959 3726 de cada adición, y continuando luego movién-
376 3724 1959 3798 dola basta que la saponificación parece completa,
376 3796 1959 3876 Entonces se añade el agua restante y se mezcla
364 3897 555 3953 todo.
448 3939 1959 4025 Las únicas precanciones que se necesitan para
364 4011 1959 4103 que el jabón salga bien hecho, son empleer ingre-
376 4094 1953 4174 dientes de primera calidad y tener la seguridad
382 4172 1959 4246 de que la saponificación es completa antes de
388 4244 1971 4324 añadir el agua. Esta última no debe contener
394 4309 1965 4401 sales solubres de las tierras alcalinas ó de los
376 4387 1977 4473 metales pesados, por cuya razón, conviene em¬
388 4483 1356 4557 plear agna recien destilada.
459 4536 1989 4610 Las manchas de te desaparecen por muy rebeldes
382 4620 1959 4700 que sean, aplicándolas una mezcla á partes igua
388 4686 1989 4772 les de una vema de huevo y glicerina Cuando
376 4775 1798 4849 se seca se laya y no queda mancha ninguna.
1140 5002 1911 5064 FABRICA DE BIZCOCHOS
513 5104 1577 5172 LA PERLA Y DULCES .
471 5331 1869 5411 Plaza de Santa Cruz, nums. 96 y 98.
2383 773 3231 835 Continación de la página 221
2025 851 3614 930 maestros antes de que el niño entrara á la
2013 916 3608 1002 escuela de la señorita Maguire, quien con bon¬
2031 1000 3620 1086 dad inagotable supo descubrir las cualidades
2031 1066 3608 1151 intelectuales de su discípulo, que habían es¬
2025 1143 3608 1229 tado ocultas para otros, aunque no pudo mo¬
2013 1239 2939 1313 dificar siquiera su defecto.
2108 1299 3608 1384 La consulta al Dr. Witmer fué también ex¬
2037 1370 3620 1456 traordinaria, por ser la primera vez, en este
2031 1454 3614 1546 país, en que se buscara á un psicólogo para
2025 1520 3614 1611 obtener su diagnóstico sobre defectos de pro¬
2013 1627 2741 1689 nunciación y lectura.
2096 1675 3614 1761 Después de largo examen, el Dr. Witmer
2025 1753 3620 1832 descubrió que Charles Giman, como se llamaba
2031 1824 3620 1916 el muchacho, había adolecido siempre de un
2031 1902 3614 1982 defecto en la vista, sin que sus padres ni maes¬
2037 1980 3620 2065 tros lo sospecharan. A la distancia de tres piés
2037 2051 3614 2137 el muchacho veía todas las cosas dobles; care¬
2025 2123 3620 2215 ría de poder para dirigir los dos ojos coordi¬
2031 2213 3620 2286 nadamente sobre el mismo punto del espacio.
2037 2278 3626 2364 cayendo la visión de ojo derecho un poco más
2037 2356 3620 2442 baja que la del izquierdo. De este modo una
2043 2422 3614 2525 página impresa siempre era confusa para él; y
2037 2493 3620 2591 cada vez que intentaba escribir, las palabras se
2054 2577 3626 2669 duplicaban bajo su pluma. Nunca había men¬
2043 2655 3620 2746 cionado esta peculiaridad por pensar que era el
2037 2732 3632 2824 proceso natural de la visión. Había pasado
2037 2804 3626 2890 siete años en la escuela sin que nadie descu¬
2037 2882 3632 2967 briera que no podía ver. Auxiliado primero
2037 2965 3632 3039 con gafas y sometido más tarde á una operación,
2037 3031 3638 3117 desaparecció el defecto de la visión doble en lo
2037 3109 3614 3195 que escribía ó lela, pero su pronunciación y
2049 3192 3620 3254 escritura continuaron tan malas como antes,
2054 3258 3626 3344 El oculista había removido el defecto pero
2049 3336 3614 3416 no el efecto del defecto, que estaba en el
2066 3413 3638 3493 pensamiento del muchacho, y fué en este punto
2054 3485 3620 3565 que el psicólogo vino en su ayuda, mostrando
2037 3569 3620 3643 cual era ese defecto y la manera de remediarlo.
3178 3640 3578 3702 (Se concluirá)
2108 3778 3638 3846 Viejos, ya se ve, estáis débiles, porque el tiem¬
2037 3855 3638 3935 po os ha gastado; más no os desespereis. Los quími¬
2043 3939 3632 4007 cos acaban de descubrir un alimento el más nutri¬
2043 4023 3638 4091 tivo, conservativo y reconstituyente de cuantos se
2049 4106 3644 4168 conocen hoy día. Son los, célebres bizcochos de LA
2054 4190 2389 4252 FORTUNA.
2037 4369 3661 4431 Precioso regalo de Navidan
2676 4441 3028 4497 —
2144 4548 3644 4622 A todas aquellas que paguen por ade¬
2060 4644 3644 4712 lantado su subscripción por seis meses
2060 4740 3644 4795 empezando desde el mes de Noviembre,
2066 4823 3644 4891 se les regalará un precioso calendario pin¬
2066 4919 3500 4987 tado á la acuarela para el ano 1910.
2753 5038 3560 5088 LA ADMINISTRACION.
2150 606 3470 686 Dos benemeritas de la humanidad
2144 5182 3661 5249 El clima de los tropicos y el aire que se
2060 5259 3638 5327 intioduce en la lata después de abierta no
2060 5337 3661 5399 alteran las buenas cualidades de la Harina
2060 5415 2915 5471 Lacteada Nestle.
