3848 6023
405 378 579 434 14
1611 348 2125 422 FILIPINAS
244 539 3521 595 A LAS
262 683 1683 757 UNA CIUDAD DE SUENOS
238 856 1844 918 CAMAROSA
214 3059 1802 3114 mos buscando alguna manifestación de ese
208 3136 1802 3192 despertar, por que naturalmente pensabamos
232 3208 1808 3264 que si Guanajuato hubiese despertado, algunos
214 3285 1802 3347 de los Ingares contignos al ferrocarril deberlan
220 3357 1748 3419 kaber particinado en la catástrofe. En Tula¬
220 3435 1802 3491 en donde las brisas en un dia de verano se¬
220 3506 1754 3562 mejan en mucho respiraciones de los cielos¬
214 3584 1796 3640 las mismas mujeres y niños llevaban idénticas
220 3661 1790 3717 preparaciones alimenticias cargadas de pimien¬
202 3733 1790 3789 ta, y las mismas muchahitas corrían hacin¬
214 3811 1790 3867 las ventanas del carro con morenos jarrones de
226 3882 1784 3944 pulque. En la parte alta, al través del her¬
220 3954 1790 4016 moso valle de San Juan del Rio, todo era
214 4032 1778 4087 lo mismo, el mismo pueblo vendía las mismas
202 4103 1790 4159 manufacturas de loza y los mismos pordioseros
214 4175 1802 4237 ciegos extendían hácia el viajero sus sombreros
214 4252 1778 4314 encios. En Querétaro, la antigua, la histórica.
202 4336 1790 4386 la original y hermosa—el lugar donde Maxi¬
208 4402 1790 4464 miliano fué fusiladolas mismas mujeres ofre¬
202 4473 1784 4535 cían sus fuentes de porcelana enguinaldada re¬
214 4551 1784 4613 bosando alimentos y café, y no aparecía ningún
208 4628 1778 4684 despertar. Finalmente arribamos á Salao, en
208 4700 1772 4756 dondo teníamos que cambiar carros á un fe¬
202 4778 1790 4834 rrocarril diminuto que sa abre camino serpen¬
202 4843 1790 4911 teando por entre las colinas en dirección á
196 4921 1790 4983 Guanainato; pero decidimos que si debíamos
208 4999 1778 5060 presenciar el espectáculo de la antigua cindad
196 5076 1772 5132 despierta, habríamos de hacerlo á la luz del
196 5148 1790 5210 día, y por un noce más soñaríamos con ella
185 5219 1772 5281 como la conocimos primero Encontramos alo¬
202 5303 1772 5359 jamiento en un viejo hotel mexicano alumbrado
185 5375 1772 5431 cun velas, y desde uno de sus balcones con¬
250 963 1838 1013 LOS NIEVOS PROGRESOS DE GUANAJUA¬
328 1041 1760 1091 TO. UNO DE LOS DISTRITOS MINE.
477 1113 1605 1169 ROS MAS RICOS DEL MUNDO
614 1250 1480 1306 LA SRA. PETER M. MES
328 1339 1832 1395 Después de un sueño de cien años. Gua¬
232 1417 1832 1473 najuato está despertando asi me dijo un dia
244 1489 1826 1545 un americano en la ciudad de Mexico, y tra¬
244 1566 1814 1622 té de suponer lo ane sería el lugar antigno
244 1644 1820 1694 al realizarse esta despertada " Guanajuato!
250 1709 1808 1771 —alzándose lejos en las montañas, durmiendo
256 1793 1820 1843 entre colinas, la ciudad más pintorescamente
238 1865 1820 1921 soñadora de todo el continente norte-ameri¬
256 1936 1814 1998 canodespertando. Era lo mismo que escu¬
226 2014 1826 2070 char malas noticias de un amigo, porque el
238 2092 1826 2147 hecho de despertar no favorece á las antiguas
250 2169 1808 2219 y originales ciudades mexicanas—á lo menos
232 2247 1796 2297 no los favorce para el idealista ó el artista.
226 2312 1802 2368 ni siquiera para el turista dinrio. En una an¬
226 2384 1808 2446 tigua visita que hice, ya había signos ame¬
226 2468 1814 2524 nazantes de comercialismo; y conociendo lo
232 2533 1808 2595 que signífica el cupital nmericano y el apre¬
220 2611 1814 2667 suramiento y el tumulto que lleva á estos lu¬
232 2688 1802 2750 gares aletargados, salí en carrera, para Gua¬
232 2766 1820 2822 najuato, como podría ir un amigo al lado de
232 2844 1146 2900 otro que está en desgracia.
310 2909 1802 2965 Hay una jornada completa desde la ciudad
226 2987 1802 3043 de Mexico, y á todo lo largo del camino fui¬
1916 683 3503 763 HASTA LA TUMBA...
1910 862 3521 918 dado
2519 945 2877 1013 Concurión
1987 1035 3492 1097 Aquella melancolía que sentía cuando su
1916 1107 3509 1169 amado se encerró en el más profundo silencio.
1910 1190 3503 1240 degeneró en tédio inmenso cuando supo que
1916 1262 3503 1318 Pene se desligaba de su palabra; más tarde
1898 1339 3426 1395 supo el provectado matrimonio del ingrato¬
1969 1417 3503 1467 Bentía hastío de la vida, y si no ponía fin
1898 1489 3497 1545 á su existencia fué porone ella era una cató¬
1910 1566 3492 1622 lica ferviente. Su salud iba decavendo cada
1898 1644 3503 1694 día y en vano los médicos la prodigaban toda
1916 1715 3503 1771 clase de medicamentos. La ciencia se mostraba
1898 1793 3139 1849 impotente ante el mal que padecía,
1963 1865 3492 1921 Su enfermedad más bien era moral que fí¬
1898 1942 3497 1998 pica. Cuando el espíritu sufre, el cuerpo pa¬
1904 2014 3503 2076 dece y no hay materin bastante fuerle que
1922 2097 3301 2147 pueda resistir los padecimientos morales.
1957 2169 3497 2225 Hay males que residen en el corazón y no
1886 2241 3492 2297 hay ciencia que pueda curar los padecimientos
1892 2312 2793 2368 de ese santuario del alma.
1957 2390 3497 2452 A los cuatro meses signientes á aquel en
1898 2468 3480 2524 que recibió la fatal noticia Tinding, tronchada
1916 2539 3492 2595 por el vendabal del sufrimiento y aniquilada
1886 2617 3474 2679 bajo el peso del infortunio, exhaló su último sue¬
1910 2700 2930 2750 piro en brazos de la Religión.
1963 2766 3486 2828 El amor es para el hombre un episodio; para
1886 2844 2578 2900 la mujer es la vida.
1975 2915 3390 2971 Tinding juró amar á Pepe eternamente
1892 2987 3408 3049 bajó á la tumba sin olvidar su juramento¬
1951 3142 3474 3198 Tinding no existe; su nombre se ha bo¬
1874 3214 3468 3276 rrado del gran libro de los vivos; su cadaver
1874 3285 3468 3347 descansa en el hueco de un nicho en el ce¬
1874 3363 3468 3425 menterio de Pako. Sobre el frio mármol de
1862 3435 3468 3502 su sepulcro está grabada esta inscripción:
1874 3512 2328 3580 Tindingl.
1945 3590 3474 3646 En cuanto á Pepe, su esposa le abondonó
1874 3661 3462 3723 signiendo á un inglés. Lacerado en corazón por
1862 3733 3468 3801 la infidelidad de su esnosa, abandonó Hong¬
1868 3811 3468 3873 kong y se vino á Manila donde supo la muerte
1874 3888 3169 3944 de Tinding, que murrió perdonándole.
2608 4354 3390 4416 FELISBERTA SOLIONGRO.
1856 4479 3456 4547 templamos la nueva luna llena ir apareciendo
1862 4557 3444 4619 en el firmamento con su corte de estrellas.
1862 4628 3444 4696 La fragancia de una nocturna madreselva en
1862 4706 3456 4774 flor flotaba sobre el antigno patio, y en toda
1862 4784 3450 4846 la inmensa llanura y en las colinas azules re¬
1868 4855 3456 4917 verberaba una luz de oro y reinaba un silencio
1838 4927 3444 4995 deleitoso Indudablemente, aqui no se había
1850 4999 2238 5055 despertado.
1934 5076 3438 5138 Temprano, á la mañana signiente, salimos
1874 5154 3462 5216 para Marfil, la adormecida aldehuela medio
1850 5225 3456 5293 morisos que guarda la entrada al barranco en
1856 5303 3450 5371 donde Guanainato se oculta. De Marfil á la
2292 5387 3032 5443 Continúa en la página 166
