3996 5969
2829 486 3384 548 GRAN SURTIDO EN
1551 516 2298 583 BAZAR
489 545 996 607 ABANICOS
2829 587 3390 649 PINAS CA
399 641 1062 697 PORA ADALICO
2829 671 3402 745 y SIA PETA
1348 701 2489 769 LA PUERIA DE SOL
495 725 966 786 SmbTOS
495 808 990 864 COSTEPOS
2942 838 3259 912 Y RIOS
1611 856 2256 912 4 Escolta 49
376 898 1068 954 TOSYATAGO
2757 766 3467 828 CePAPOSITO
1611 283 2095 339 FILIPINAS"
2327 1107 3205 1180 Una Ciudad de Suenos
268 1130 1892 1234 La educación y la ensenanza en la mujer
2345 1262 3217 1336 Continuación de la página 104
656 1303 1522 1377 Continuación de la página 103
274 1411 1898 1497 ner los principios en que debieran fundarse la
286 1489 1880 1574 educación y enseñanza de la mujer, esperando
280 1566 1874 1646 que otras ú otros, si conocen que nos hemos
298 1650 1874 1730 extraviado, corregirán luego nuestro trabajo y
322 1715 1892 1807 presentarán más acertados planes con objeto
286 1787 1892 1873 de procurar á la humanidad la mayor suma
322 1859 1880 1956 posible de dicha y placeres, y al progreso nue¬
316 1936 1880 2028 vas fuentes de prosperidad y desarrollo, objeto
316 2014 1898 2112 que es el único que acariciamos en nuestro deseo
382 2097 1892 2171 El ejercicio habitual de un órgano cualquiera
298 2163 1886 2249 á la vez que desarrolla, lo hace más fuerte.
286 2241 1880 2320 más vivo ó enérgico y produce el hábito ó la
298 2312 1898 2404 aptitud. El hábito modifica profundamente
310 2384 1898 2476 nuestro sér imprimiéndonos un sello pecu¬
298 2467 1910 2547 liar, haciéndonos indeferentes ó gratas y hasta
292 2539 1892 2631 necesarias impresiones y cosas que antes nos
256 2611 1892 2702 eran desagradables ó nocivas; y, nos vuelve
298 2682 1904 2774 fácil los que teníamos por imposible; y en una
328 2766 1898 2864 palabra nos dá una segunda naturaleza trasmi¬
322 2838 1898 2923 sible por la generación. El hábito, la costum¬
310 2915 1922 2995 bre es la segunda naturaleza del hombre lo
310 2987 1892 3079 mismo que de la mujer; nadie le pone en duda
393 3064 1910 3144 Hay en la naturaleza dos potestades, dos
328 3136 1904 3216 dominios, el del instinto y el del albedrío.
328 3220 1916 3293 El primero que es más poderoso, más estenso,
310 3279 1916 3371 comprende nuestros impulsos simples é invo¬
328 3363 1910 3443 luntarios. El segundo se fortalece á fuerza del
310 3434 1916 3514 cultivo de la razon y de la inteligencia, que
346 3518 1563 3610 produce la firmeza del discernimiento.
417 3584 1922 3669 Los impulsos del instinto son ciegos y se
322 3661 1916 3741 dividen en varios grupos: los que primeramente
322 3733 1927 3819 se desenvuelven son relativos á la conservación
328 3805 1927 3896 de nosotros mismos. De ahi que el niño ó la
340 3888 1916 3974 niña en su primera edad no sienta naturalmente
322 3954 1916 4046 más que esos impulsos. Siguen luego los im¬
346 4037 1916 4123 pulsos sociales que nos unen con nuestros se¬
334 4109 1922 4201 jantes, y después los impulsos conservadores de
346 4187 1927 4272 la especie que se dispiertan en la juventud y
334 4258 1916 4338 entran en lucha con las facultades sociales
352 4336 1922 4422 Pero á más de esos grupos que se refieren á
346 4401 1922 4493 nuestra conservación individual, á la de nues¬
352 4485 1939 4571 tra especie y á la de nuestra sociedad, hay
793 4580 1534 4660 Termina en la página 166
1957 1375 3551 1455 ciudad, la que queda á seís millas de la ciudad
1969 1447 3563 1539 y á cerca de mil pies de altura, se hace el
1963 1524 3569 1604 viaje por medio de minúsculos tranvías tirados
1975 1596 3569 1694 por cuatro mulas. Temíamos que la electri¬
1969 1680 3563 1753 cidad hubiese reemplazado estos insignificantes
1987 1751 3569 1831 vehículos de locomoción, que tendriamos que
1969 1835 3563 1909 ir hasta las alturas arrastrados precipitadamente,
2077 1894 3563 1992 que entonces sabríamos que el despertar se
1981 1978 3569 2076 habría verificado realmente; porque, qué ciudad
1981 2044 3563 2165 podría dormir con esas alborotosas y rechinantes
1987 2121 3575 2231 criaturas precipitandose por sus calles? Perotodo
1981 2193 3563 2303 era tan delicioso como acostumbraba serlo an¬
1993 2265 3563 2374 teriormente—quizás con un poco más de estre¬
1987 2348 3575 2458 chura por el número de viajeros y de equipaje
1993 2420 3569 2517 entonces nos dirijimos por la subida serpen¬
1987 2497 3575 2601 teada á lo largo del arroyo barrialoso; pasamos
1993 2569 3569 2673 por en frente de viejos y plomizos muros, ga¬
1981 2647 3587 2750 lopando y dando la vuelta de una estrecha
1993 2718 3581 2822 palle á la otra, con los cocheros haciendo re¬
1987 2802 3563 2899 sonar alternativamente sus cornetas de hoja
1981 2873 3587 2971 de lata y dándole azotes á las mulas, cuvas
1987 2945 3575 3061 pieles desde hacín largo tiempo se habían tor¬
1981 3035 3354 3126 nado callosas é indiferentes á todo castigo.
2053 3100 3575 3192 A causa de que está tan lejanamente oculta¬
1993 3166 3587 3264 en las colinas, pocos víajeros en México rea¬
1993 3255 3581 3347 lizan la proximidad de Guanajuato, ó que es
1993 3321 3587 3419 una ciudad de 50000 habitantes, que en un
1993 3399 3587 3490 tiempo fué uno de los distritos mineros más
1993 3476 3599 3568 famosos del universo También es histórica.
2011 3548 3599 3646 y tan antiguo que dificilmente se puede hallar
1993 3619 3581 3711 el origen de su historia. Hay muchas tradi¬
2005 3697 3587 3789 ciones con respecto á su orígen, pero la más
2017 3775 3599 3872 justificada de todas está en los ricos cuarzos
2005 3846 3605 3938 almacenados, allá lejos, en las montañas que
1993 3918 3617 4016 la rodean. Pocos turistas encuentran el camino
2011 3996 3605 4099 para venir aquí, porque queda á veinte millas
2017 4073 3617 4159 de la línea principal del ferrocarril; pero el
2005 4145 3611 4242 corazón del viajero debe estar, muerto en ver¬
2005 4222 3611 4314 dad si deja de ballar regocijo por unos pocos
2005 4294 3611 4386 días en este curioso sitio antigno. Está cons¬
2017 4378 3611 4463 truida en un barranco—uno de muchos, en
2017 4437 3623 4535 un laberinto de montañas—y como la ciudad
2017 4527 3617 4613 crecció tuvo necesidad de economizar en espacio,
2017 4592 3623 4690 aun en pulgadas puede decirse, sometiéndose
2029 4694 2763 4762 á e trechas callejuelas.
3121 4771 3581 4833 ISe continuará
423 4760 1939 4845 Viejos, ya se ve, estaís débiles, porque el tiem¬
334 4867 1939 4965 po os ha gastado; más no os desespereis. Los quími¬
334 4974 1945 5060 cos acaban de descubrir un alimento el más nutri¬
340 5094 1957 5168 tivo, conservativo y reconstituyente de cuantos se
310 5207 1957 5281 conocen hoy día. Son los célebres bizcochos de LA
2095 4992 3635 5066 Madres, ¿quereis criar á vuestros hijos sanos y
2029 5082 3647 5156 robustos para que en el día de mañana sean dignos
2035 5171 3653 5263 apoyos de la Pátria querida? Alimentadlos con los
2035 5285 3199 5353 fabricados bizcochos de LA FORTUNA.
