3861 6159
2464 569 2864 619 A
244 695 3527 804 SEMANARIO ILUSTRADO DE CIENCIAS, LITERATURA, BELLAS ARTES, MEDICINAS CASERAS, HIGIENE Y CONOCIMIENTO
1474 802 2315 864 UTILES A LA VIDA PRÁCTICA.
1020 856 2816 941 DEDICADO EXCLUSIVAMENTE A LA MUJER
232 909 3550 1013 La mujer abla edifica de la nada su casa; mas a mujer insensata lejos de edificar una casa que no existe, destruye con
1295 1011 2512 1079 sus manos la que existe ya. Prov. XVIII
1026 1100 2751 1174 SALE Á LUZ LOS DÍAS S, 15, 22 Y FIN DE CADA MES.
244 1184 3539 1300 Directora, CONSTANCIA POBLETE—Tel., 934—DIRECCION TELEGRAFICA: FILIPINAS.—Admrs., FRANCISCA GESMUNDO
256 1291 3515 1389 Precios de subscripción: PO.30 al mes en Manila, y P1.20 trimestre en provincias,—Pago adelantado.
3097 1488 3503 1538 Núm. 22.
901 1500 2930 1574 Manila, I. F., Miércoles, 15 de Septiembre de 1909.
352 1524 704 1586 Año I.
1187 1703 1408 1765 E
829 1709 1074 1771 S
2070 1799 3407 1872 LA MUJER ANTIGUA Y LA MUJER
411 1822 1730 1890 INFLUENCIA DE LAS LETRAS EN
2333 1918 3151 1986 DE ESPIRITU MODERNO
817 1942 1336 2004 LA EDUCACION
2321 2013 2506 2069 E
1181 2019 1342 2075 E
781 2025 1002 2081 E
334 2127 1873 2195 Hoy, que observamos que va difundiendo en¬
262 2210 1844 2272 tre nuestras compatriotas la afición á las letras,
262 2276 1862 2344 es necesario, pues, que nos ocupemos de este asun¬
262 2360 1850 2422 to de vital importancia para la educación actual.
340 2425 1862 2493 Cuando vemos que la literatura contemporá¬
262 2503 1867 2565 nea tiende por lo general á manifestarse siempre
262 2586 1862 2642 bajo las formas que mejor halaguen los sentidos,
268 2652 1873 2714 sin tener en cuenta la utilidad y el verdadero
262 2730 1862 2792 sentimiento; cuando vemos que las producciones
262 2801 1867 2869 dramáticas, la novela, el libro de filosofía pasan
262 2879 1867 2953 por encima de los principios y van derechamente
262 2956 1850 3018 á producir efecto, á conmover y no á persuadir.
262 3028 1850 3096 á deleitar y no á instruir y convencer, no po¬
262 3100 1873 3168 demos dejar de investigar las causas que pro¬
262 3171 1856 3239 ducen tal fenómeno; y contemplamos una mul¬
262 3249 1856 3311 titud de ellas que mútuamente se fomentan y
262 3320 1856 3388 secundaan, sucediendo así que las costumbres pro¬
268 3398 1844 3466 vocan dichas formas de la literatura y esa lige¬
268 3470 1850 3532 reza de la literatura influve en las costumbres
268 3553 1480 3609 de una manera por demás deplorable.
346 3619 1856 3687 Debemos, pues, dar el grito de alerta á las
262 3696 1862 3764 madres á fin de que por el amor que profesan
262 3768 1862 3836 á sus hijos vean de nentralizar los funestos efec¬
262 3852 1862 3908 tos de esas corrientes de disolución que reinan
262 3917 1856 3979 en la atmósfern social; y no se fien por el solo
262 4001 1850 4057 título de muchas producciones en que á veces
268 4066 1862 4134 haciéndose ostentación de un rigorismo muy pró¬
274 4150 1856 4206 ximo á la gazmoñería, se difunden las ideas más
280 4222 1856 4290 perniciosas é inmorales y se sacrifica todo á
280 4293 1862 4361 la forma seductora, graciosa, sensual, embria¬
274 4383 525 4439 gadora.
340 4448 1867 4504 ¿De dónde procede esta tendencia? Del afán
274 4532 1187 4594 que se siente de placeres.
346 4592 1867 4660 El placer lo propio que el dolor es un medio
262 4669 1867 4731 de espansión concedido al alma, pues que á la
280 4741 1856 4815 par que admirar podemos obras inmortales, arran¬
268 4818 1850 4880 cadas de lo más hondo del namargo sentimiento.
262 4890 1856 4958 arrancadas del dolor más concentrado, nos es
262 4962 1862 5042 permitido contemplar obras que engendra el es¬
704 5045 1456 5107 Termina en la página 163
1933 2085 3533 2171 Conferencia pronnnciada en La Union lbero Ameri¬
2064 2157 3407 2231 cana por la insione escritora Da Concepción
2434 2234 3037 2290 Jimeno de Flaquer.
2584 2312 2906 2368 Conclusión
1993 2360 3527 2439 Entre las mujeres antiguas existieron las terribles
1933 2431 3527 2499 amazonas del Termodonte; la truculenta Blasta, que
1951 2485 3527 2571 con milicia mujeril marchaba á la conanista de Bo¬
1951 2557 3533 2630 hemía para arrojar á los hombres de su reino: las
1945 2622 3527 2696 belicosas Semíramis y Artemisa; las dragonas que
1945 2688 3527 2756 vestían casco y coraza La mujer nueva gnsta de las
1957 2748 3521 2833 gasas, las cintas y los encajes; en vez de armarse
1945 2819 3521 2887 como la antigua para el combate, lanza un noble
1945 2885 3545 2965 igrito que reperente en la conciencia universal, el
1945 2956 2822 3036 grito de gnerra á la guerral
2011 3016 3539 3090 La mujer nueva no pretende cercenar sus deberes;
1933 3076 3545 3150 los amplía; no es la pedante que entabla pugilato
1933 3141 3533 3209 mental; es la mujer digna que no se conforma con
1933 3207 3210 3281 ser eritura subalterna, reeeptáculo inerte.
2005 3267 3527 3335 La mujer de espíritu moderno hace algo más que
1945 3332 3527 3400 divertir y divertirse; conviértese en elemento socio¬
1933 3416 2637 3466 lógico muy impertante.
1999 3458 3527 3532 La Eva contemporánes es más que críatura sensi¬
1939 3529 3527 3603 tiva de impetuosos impulsos é intintos inciertos; sabe
1927 3589 3539 3657 encontrar el poema de la existencia en la vida afec-
1951 3661 3539 3729 tiva enlazada á la vida intellectual; es la colaboradora
1939 3720 3539 3794 espiritual del artista y el hombre científico, de en
1945 3792 3533 3854 antigua coriosidad ha surgido su afán investigador.
1945 3846 3527 3920 Mad. Curie colabora con su marido para descubrir
1945 3917 3521 3979 vastos horizontes á la Fisiología, á la Terapentica, á
1945 3983 3545 4045 la Física, á la Química, y cuando él muere la catedra
1933 4049 3527 4111 de laboratorio del sabie naturalista ocúpala dignamente.
2005 4114 3539 4170 La mujer intelectual, consciente, volítiva, alienta
1939 4174 3509 4242 nobles audacias, magnos ideales: amante de la Cien¬
1933 4246 3527 4301 cia, analiza, investiga, no deja inexplorado ni un
1933 4305 3539 4361 átomo de la materia, ni un problema social, ni una
1939 4383 2655 4439 chispa del pensamiento.
2005 4431 3521 4492 Si, la mujer se ha tranformado; pero tranforma¬
1933 4496 3533 4558 cion no es deformación. La fisonomía moral de la
1939 4562 3473 4630 mujer se ha modificado, pero muy favorablemente.
1999 4627 3533 4695 Luisa de La Valiére exclamó: Je suis la fuiblese
1945 4687 3527 4749 meme; la mujer nueva no quiere escudarse en la de¬
1951 4759 3001 4821 bilidad; no evita responsabilidades.
2011 4818 3545 4886 Ella ha destruido el concepto aristotélico que hacía
1951 4884 3539 4952 considerar á la mujer reflejo del varon, débil eco¬
1933 4956 3383 5018 suyo, sér relativo todo lo mas complementario.
2375 5033 3097 5089 Termina en la página 172
2029 5153 3539 5215 Por cada doce envoltogios de las latas de la
358 5171 1850 5227 Una cucharita de la Harina Lacteada
262 5248 1867 5304 Nestle mezclada con siete cucharitas de agua¬
280 5320 1867 5382 hervida, es un buen alimento para un niño de
262 5403 602 5459 dos meses.
1933 5224 3545 5292 Harina Lacteada Nestle alimento insus¬
1951 5302 3539 5364 tituible para los niños, se regala un hermoso os¬
