3915 6186
501 426 674 482 172
1761 396 2251 452 "FILIPINAS"
358 575 3636 643 cada at
358 707 1815 805 UNA CIUDAD DE SUENOS
364 898 1964 954 SA
2328 737 3373 787 SECCION LITERARIA
2030 886 3636 948 da
967 999 1397 1055 (Continuación,
429 1089 1952 1139 Nuestro hotel hacía frente á lo que parecía
370 1161 1970 1217 ser un callejón, pero que era en realidad una
370 1238 1952 1288 de las calles más achas. Prometió tener on
376 1310 1952 1372 la esquina de la manzana unos diez y ocho
376 1382 1952 1455 pies de ancho, pero se estrechó á nueve, volvió
376 1459 1946 1521 á ensancharse á ceren de diez y seis pasó á
370 1531 1946 1593 lo menos por tres distintos ensanches y estro¬
358 1614 1940 1664 churas antes de terminar haciendo quiebras á
358 1692 1958 1742 cien pies de distancia del hotel. El hotel tiene
370 1764 1940 1820 en sí muchas maravillas arquitectónicas, y en
346 1835 1952 1891 donde las habitaciones están situndas y en la
376 1913 1958 1969 manera de encontrar el camino para llegar á
358 1979 1952 2041 ellas, hay problemas que cada huésped debe re¬
358 2062 1021 2118 solver por sí mismo.
441 2134 1952 2190 Fué en estos corredores interiores y en el patio
358 2212 1952 2268 de este buen albergue de descanso, en donde
370 2283 1946 2339 descubrimos los primeros signos del despertar
364 2361 1958 2411 de Guanaivato. Había un continuo rumor de
358 2432 1952 2488 voces que hablaban el inglés, y desde el principio
358 2510 1952 2566 insta el fin toda la conversación se reducía á
352 2582 1946 2644 asuntos de minas. La misma atmósfera estaba
346 2659 1946 2715 saturada de oro y plata; y ya fuese en la ofi¬
358 2737 1940 2787 cina, ya en el patio ó ya en el comedor, no
358 2809 1946 2865 se escuchaba hablar de otra cosa que de divi¬
358 2880 1940 2936 dendos, informes, análisis, procesos de redue¬
346 2958 1940 3014 ción percientajes y lo demás por el estilo.
352 3030 1934 3086 Gentes de origen inglés entraban y salían á la
364 3113 1928 3163 carrera; caballos enjaezados se agrupaban bajo
352 3179 1940 3235 el viejo portón araneado, golpeando con los
346 3256 1928 3312 cascos, llevando en sus hombros gentes de las
358 3334 1928 3384 minas, é inmediatamente se volvía á oir el
346 3406 1952 3462 mismo golpear cuando salían á galope. De
352 3483 1934 3533 tiempo en tiempo el minúsculo tranvía traía
352 3561 1940 3617 más pasajeros de Marfil, se desmontaban abajo,
352 3627 1928 3683 en la estrecha callejuela; el rumor de las con¬
364 3698 1928 3754 versaciones en inglés auientaba y más concu¬
352 3776 1928 3832 rrencia penetraba y se movía de un lado á otro¬
346 3854 1546 3910 con apariencia de personas ocupadas.
429 3931 1940 3981 Era claro que allí no había lugar para ningún
352 4003 1958 4059 ocioso, y me salí á pasear para mezclarme con¬
346 4075 1940 4130 los apacibles nativos y recordar memorias. En
364 4152 1940 4202 una visita anterior, aparecció el prólogo de una
346 4230 1940 4280 novela en uno de los viejos balcones que hacen
346 4301 1946 4357 frente el zócalo, y me fní en puntillas á nquel
358 4367 1928 4429 lugar para ver si el romance estaba representán¬
346 4451 1940 4513 dose todavía. No había romance alguno allí,
346 4522 1928 4578 ni pude informarme con nadie qué desenlace ha¬
800 4600 1540 4650 Continua en la página 173
758 4701 1570 4757 Continuación de la página 171
412 4767 1940 4823 La mujer de espírito moderno, heraldo del pro¬
352 4833 1940 4901 greso, aurora de nueva vida, porteastendarte de inno¬
352 4893 1946 4954 vaciones, es verbo del Evangelio reivindicador. Ella
346 4964 1928 5020 ha roto preocupaciones atavicas, rutinas tradicienales,
370 5024 1934 5080 adenas de esclavitud secular, a ella se debe la fé
346 5084 1934 5146 En las victorias de la luz, los privilegios que ha de¬
346 5137 1928 5205 Pozar la mujer futura: Ella envnelve nuestra época.
352 5221 1928 5271 En una onda de feminidad triunfadora; por ella lle¬
352 5281 1934 5343 Para pronto en España el advenimiento la edad de
352 5346 859 5396 gro de la mujer.
2424 4881 3194 4937 Continúa en la página 123
2071 5000 3612 5056 Jovenes, ¿quién de vosotros no es capás de
2012 5096 3594 5163 mayor sacrificio por conservar su juventud y vigor
2006 5203 3594 5271 Ninguno. Pues bien; sin ningún sacrificio y sólo to¬
2018 5316 3612 5396 mando bizcochos de LA FORTUNA podeis conservaros
2018 5424 3057 5492 siempre jóvenes, fuertes y alegres.
2495 999 3116 1055 LIORA....
2878 1083 3642 1139 (PARA UNA HUERFANA
2101 1167 2955 1223 Era una noche como esta.
2113 1238 3624 1294 La luna, esa viajera nocturna, testigo y cóm¬
2060 1322 3624 1378 plice muda de los enamorados, orgullosamento
2030 1388 3624 1449 brillaba entonces cual una antorcha en la in¬
2036 1471 3624 1521 mensidad del infinito espacio. Estaba el cielo
2042 1549 3624 1599 clarísimo, ninguna mancha de nube se veía en
2042 1620 3612 1676 El y ni una estrella usaba exponer su claridad,
2042 1692 3624 1748 tal vez por el temor de ofender con su pálida
2036 1770 3630 1820 luz la hermosura de la noche. Era una ver¬
2030 1841 3618 1897 dadera noche de enamorados ó de poetas que
2030 1919 3606 1987 parecía se hizo solo para consuelo de almas
2036 1991 3612 2047 entristecidas ó tal vez para recoger en su mis¬
2030 2068 3612 2130 terioso mutismo las lágrimas de séres ade gimen
2030 2146 3540 2208 ó los mudos lamentos de algún herido corazon,
2119 2223 3140 2273 Qué noche tan bella era aquella,
2119 2295 3636 2351 Tenías tu rostro en tus manos y tus codos
2030 2373 3612 2429 sobre la ventana donde resibías el dulce beso
2024 2444 3594 2506 de la luna y el lato suave de la brisa no¬
2036 2522 2263 2578 turnal.
2101 2600 3618 2650 Yo estaba á tu lado, amiga mia; te con¬
2030 2665 3612 2733 templaba en tu ensimismamiento, sabía tu dolor,
2036 2749 3618 2805 pía los quejidos de tu corazon arrancados por
2036 2827 3594 2877 el amargor de tus sufrimientos y en tu rostro.
2036 2892 3606 2960 sobretodo en tu inmácula frente la nube fatal
2036 2976 3636 3032 de los más crueles tormentos. Ah! y en tus¬
2018 3048 3385 3109 ojos veía en ellos brotar las lágrimas....
2083 3131 3594 3193 Si tú llorabas amiga mía--y porque no.—
2030 3215 3600 3271 las lágrimas son el único consuelo que dulci¬
2024 3280 3600 3342 fica el amargor de los más dolorosos sufri¬
2018 3358 3582 3420 mientos, refrescan el corazon del hombre como
2030 3442 3594 3498 las lluvias de Mayo refrescan los días más
2024 3513 3594 3575 calurosos para abrir al beso de la noche los
2036 3591 2663 3647 petalos de las flores.
2089 3657 3606 3718 Llorar es la única felicidad, el único con¬
2018 3734 3606 3796 suelo en medio del dolor.... en medio de tantas
2024 3806 3594 3874 decepciones: es la manifestación sincera del
2024 3877 3600 3951 tormento que siente el corazon humano por la¬
2018 3955 2878 4023 crueldad de la diosa suerte.
2089 4027 3355 4101 Si pudiese consolarte amiga mía!......
2083 4110 3594 4172 Pero mi amor y el cariño fraternal que siento
2018 4188 3600 4244 por tí amiga mía, te eran insuficientes.... te
2018 4254 3600 4322 eran muy pocos.... casi nada para robar tus
2018 4331 3600 4393 desdichas y arrancar de tu pecho la tempestad
2012 4409 3182 4471 causa de tus amargos padecimientos.
2071 4487 3600 4548 Sabía que tu dolor era tan justo y noble
2018 4552 3600 4620 como cruel es el indiferentismo y la enigma¬
2024 4630 3588 4698 tica conducta del sér que tanto has amado.
2018 4713 3588 4769 ¡Cuán doloroso y triste es amar y ser corres¬
2018 4791 3469 4853 pondido con la más negra de las ingratitudes.
