3819 6132
1600 366 2125 446 FILIPINAS"
3277 414 3445 470 173
489 611 1009 667 ABANICOS
411 701 1086 757 Porta abanicos
501 784 979 846 Sombrero
501 856 1009 924 Costureros
370 952 1056 1020 HITOSAION
1534 617 2322 685 BAZAR
1331 796 2483 858 LA PERIA DEL SOL
1588 952 2256 1014 49 Escolta 49
2818 635 3385 685 GRAN SURTIDO EN
2806 725 3391 781 Peneta C
2812 826 3397 876 y SA PETA
2746 904 3451 960 Crepes-POSITO
2931 987 3224 1043 y RIZ
650 1173 1522 1240 Una Ciudad de Suenos
656 1316 1510 1378 Continuación de la página 172
274 1405 1862 1479 bía tenido. En una de las aberturas del balcón
262 1483 1862 1551 se escuchaba el continuo tagnetaque de una má¬
286 1555 1862 1629 quina de escribir, y, en otra un fonógrafo
280 1626 1850 1700 llenaba el nire con sus odiosos ruidos. Más
274 1704 1868 1778 allá, en la esquina de un parquecillo, encontré
274 1776 1850 1849 un remollino de voces americanas en actividad y
256 1859 1862 1927 nun atmósfera llena de animación lo invadía
280 1931 1850 1999 todo. Aun los pordioceros ciegos caminaban
274 2008 1844 2076 más á prisa, y de un modo más insistente, y
250 2080 1821 2154 en forma más mercantil ejercían su profesión.
358 2170 1850 2238 Del otro lado de la calle en los escalones del
274 2241 1827 2315 teatro Inárez, se hallaba un grupo de nativos¬
274 2325 1862 2387 parecien los mismos que se sentaban allí hacía
274 2397 1856 2464 tres años—con sus ponchos cuyo color semeja un
256 2468 1856 2548 arco iris, rébosos azules y enormes sombreros,
262 2546 1850 2614 formando una pintura alegre, que mezclaba una
274 2612 1862 2685 pincelada del vicio mundo, con la novedad de
256 2695 1850 2763 esta espléndida creación moderna. Este teatro
262 2761 1833 2835 os uno de los más hermosos del mundo—hay
262 2844 1856 2912 quienes dicen ser el más hermoso. Aunque el
280 2922 1862 2984 terreno es tan precioso allí, se alza en un lote
250 2994 1844 3062 aislado, por símismo, haciendo frente á la plaza.
274 3065 1862 3133 y su bella entrada es el primer objeto que atrae
268 3137 1850 3211 la mirada del extraniero. Después que terminó
262 3215 1856 3282 la instrucción del edificio, permanecció sin ser
268 3292 1856 3360 nisado por espacio de cinco años, esperando á que
244 3364 1850 3432 el Presidente Diaz lo inangurara. Esto sucedió
262 3441 1850 3503 hace pocos años, y el Presidente con este motivo
256 3513 1850 3587 se ató con un lazo más al pueblo de esta vieja
268 3591 609 3653 población.
346 3680 1844 3742 Las calles anteriormente alumbradas con lin¬
256 3758 1844 3820 ternas de aceite, como deberían estarlo; pero
250 3830 1833 3897 ahora la luz eléctrica brilla en todas partes y
250 3901 1844 3969 ha acabado con la mitad de los encantos y som¬
268 3973 1850 4041 bríos misterios de las antignas cavernosas calle¬
250 4062 1844 4118 juelas. En las noches que se alumbraban con
220 4122 1850 4184 estas linternas, había gran facinación en escu¬
256 4200 1844 4268 rrirse por esos culebr ados pasillos en compañin¬
238 4271 1839 4339 de un gendarme, ó protejidos por un amigo que
262 4349 1844 4411 llevará en el bolsillo una pistola. Las viejas lin¬
250 4421 1856 4489 ternas todavía cuelgan en las calles, con aspecto
256 4504 1850 4566 un tanto apesadumbrado, dando testimonio de
244 4576 1850 4638 los oportunos servicios que prestaron y desafiando
238 4654 1850 4709 á la municipalidad para que renuncie totalmente
226 4725 1839 4787 á ellas: su fidelidad compensa en parte la falta¬
226 4797 561 4859 de brillo.
2256 1196 3236 1252 Seccion Literaria
2328 1340 3176 1396 Continuación de la página 172
2006 1423 3540 1485 Se que tu amor no es una pasion vulgar
1940 1501 3534 1563 creada por los caprichos del tiempo que varía
1934 1573 3528 1635 según el calor ó la frialdad de los aconteci¬
1940 1650 3540 1712 mientos: no es un sentimiento efímero que tan
1958 1728 3528 1790 pronto desaparece como desaparecen las bur¬
1952 1799 3522 1861 puias del agua al menor soplo del viento. Nol
1934 1871 3534 1933 T amor, es algo más que eso; es un afecto
1940 1949 3534 2011 sublime, puro y noble que por su demasiada
1934 2026 3522 2088 sublimidad se confunde con la adoración para
1940 2104 3528 2172 formar con ella el amor sincero propia y ex¬
1946 2176 2860 2238 clusiva inspiración del alma.
2006 2271 3522 2327 Que por qué sufres! Ah! Cuanto más inten¬
1934 2343 3522 2405 sos son tus sufrimientos tanto más se purifica
1934 2414 3534 2482 esa pasion, ese amor, ardiente y sincera causa
1934 2486 3534 2554 de tus penas Tu amor envuelto en las som¬
1940 2570 3498 2632 bras del misterio, guardado en el arca invio¬
1934 2641 3528 2703 lable del silencio es sin duda alguna la ins¬
1952 2719 3534 2781 piración de un sentimiento sublime creado solo
1958 2797 3522 2865 para las que saben anar como los angeles del
1934 2862 2233 2924 cielo....
2000 2946 3534 3008 En mis noches de insomnio, en mis horas
1922 3012 3528 3079 de amarga soledad; cuando todos se hallan me¬
1922 3089 3528 3157 ciéndose en los brazos de un dulce sueño, abro¬
1922 3167 3516 3235 mi pecho para recoger tus queridos, vuella mi¬
1916 3238 3522 3306 alma para consolarte en tus tristezas y pregunto
1928 3322 3528 3384 á la noche, pregunto á la claridad de la luna
1940 3394 3516 3456 y al murmullo suave de la brisa los miste¬
1910 3465 3522 3539 riosos secretos que en ellos confiara tu corazón.....
2030 3543 3522 3611 Qué tristes lágrimas: oh dios Amor arrancas
1916 3615 3134 3677 del pecho de las almas más inocentes!
1970 3692 3522 3760 Si pudiese odiarte, si pudiese aniquilarte.
1922 3758 3206 3832 existiría la felicidad en el mundo......
1916 3943 2495 4005 Agosto 30. 1909.
2901 3889 3445 3945 MIMOSA PEDICA.
2483 4218 3445 4286 FABRICA DE BIZCOCHOS
2030 4295 3439 4381 LA PERA Y DULCES .... .
2042 4528 3391 4596 Plaza de Santa Cruz, Núms., 96 y 98.
1277 4886 1725 4942 (Se continuará
1970 4815 3522 4889 Madres, ¿quereis criar á vuestros hijos sanos y
1916 4892 3522 4954 robustos para que en el día de mañana sean dignos
1910 4976 3522 5044 apoyos de la Pátria querida? Alimentadlos con los
1910 5054 3021 5115 fabricados bizcochos de LA FOTUNA.
316 5054 1850 5121 Viejos, ya se ve estáis débiles, porque el tiem¬
232 5131 1833 5187 po os ha gastado; más no os desespereis. Los quími¬
226 5185 1833 5247 cos acaban de descubrir un alimento el más nutri¬
226 5245 1833 5313 tivo, conservativo y reconstituvente de cuantos se
220 5310 1839 5384 conocen hoy día. Bon los, célebres bizcochos de LA
214 5376 591 5444 FORTUNA.
1916 5400 3063 5450 TUNA que expende LA ESPERANZA.
1982 5233 3528 5301 Gastronomos, ¿quereís comer cosas riquísi¬
1922 5310 3534 5384 mas? Probad los renombrados bizcochos de LA FOR
