3930 6132
1606 396 2256 464 "FILIPINAS"
519 402 680 458 174
591 623 3522 715 MGA MAKIKISIG NA BABAENG PILIPINA; libig baga ninyong kuminis at mag¬
441 713 3540 805 anyong bago ang mg᷉a kagamitan ninyo sa bahay na mg᷉a tanso, pinilakan ó ginintuan?
591 838 2597 918 Ipadala ninyo sa CITY PLATING WOKS
411 976 3200 1061 na na sa daang Arlegui, blg. 6 Kiapo, ó kaya'y sa deang Escolta big. 42. Manila.
519 1340 1803 1408 Educacion doméstica
364 1596 1940 1670 ESCABECHE DE BESUGO Y OTRAS CLA¬
782 1692 1516 1754 SES DE PESCADOS.
417 1794 1946 1861 En los mares de Filipinas se crían y cojen
346 1883 1946 1957 en bundancia muchos géneros de ricos pescados,
346 1979 1928 2047 que á las pocas horas de cojidos empiezan á
346 2068 1462 2130 corromperse y hay que tirarlos.
417 2152 1940 2226 Una ama de casa habilidosa y económica,
358 2253 1928 2315 puede, cuando hay gran abundancia y bara¬
352 2337 1916 2405 tura de ellos en el mercado, prepararlos y
352 2426 1922 2494 conservarlos durante semanas con la receta si¬
334 2522 626 2572 juente:
411 2600 1940 2679 Se limpia y prepara bien el pescado, se le
352 2701 1934 2769 echa un poco de sal bien molida, y se deja
352 2791 1940 2853 una hora colgado á la sombra en punto ven¬
352 2874 1946 2942 tilado; despues se parte á trozos, ó entero si
352 2970 1916 3032 es pequeño, y se frien todos en aceite de olivo
334 3053 1916 3121 hasta que estén dorados; y este mismo aceite.
334 3143 1922 3217 con una parte de agua y tres de vinagre fuerte,
334 3221 1928 3300 unas rajas de limon, gengibre y hojas de lau¬
334 3322 1922 3390 rel, se echa en la olla misma en que se han
334 3412 1916 3485 arreglado los trozos del besugo y se tapa muy
352 3501 1928 3569 bien. A los diez ó doce días ya se podrá
340 3597 1743 3665 rervir. Ese escabeche resulta muy rico.
423 3752 1844 3820 Influencia de las letras en la Educacion
376 5257 1916 5319 Es una verdadera bendición del cielo para los
304 5346 1910 5408 niños la Harina Lacteada Nestle que
304 5436 1450 5492 los libra de muchas enfermedades.
722 3841 1534 3903 Continuación de la página 11
340 3949 1934 4011 ceso del espíritu festivo, alegre, jovial; obras unas
334 4009 1934 4083 y otras que pueden ser exuberantes de vida, de
322 4092 1928 4160 color, de riqueza, de energía, de esplendidéz, de
322 4170 620 4226 espíritu.
411 4236 1910 4309 Pero aquí debemos insistir algo sobre la in¬
340 4319 1910 4387 fluencia que está ejerciendo en las costumbres,
334 4391 1916 4459 esto es, en la moral de la presente sociedad una
340 4468 1898 4530 rama de la literatura que en este siglo ha to¬
334 4540 1922 4608 mado inmenso desarrollo y que en vez del in¬
334 4612 1916 4680 menso bien que habrá podido producir, ha con¬
340 4689 1910 4757 tribuido más que el resto de las manifestacions.
322 4761 1916 4829 literarias á la desmoralización que lamentamose
322 4839 1785 4907 Inútil serín que nos referimos á la novela.
411 4910 1916 4972 No está en nuestro ánimo el pronósito de
322 4988 1916 5050 condenar la novela en absoluto, porque no se
322 5054 1916 5127 nos oculta, su significación, y aún comprende¬
316 5137 1898 5205 mos la importancia que podría tener, especial¬
2024 1364 3463 1414 Seccion recreativa,
2256 1608 3367 1664 MUSELINA INCOMBUSTIBLE
2077 1698 3612 1760 Sabido es que la muselina se imflama con
2018 1788 3612 1849 suma facilidad. No obstante, y prescindiendo
2012 1883 3630 1939 de toda composición química, puede ponerse¬
2018 1973 3618 2029 impunemente en contacto con una brasa ardiendo.
2089 2062 3612 2118 Tómnese al efecto un objeto cualquiera de¬
2006 2158 3618 2208 metal que esté bien pulido, por ejemplo una
2030 2247 3612 2303 pieza esférica de cobre: aplíquese en ella la
2006 2331 3618 2393 muselina, bien tirante y apretada: colóquense¬
2018 2432 3618 2482 juego encima ascuas vivas; sóplese en ellas. La
2012 2516 2895 2572 muselina quedará intacta.
1994 2659 3618 2715 ESCRIBIR CON CARACTERES LUMINOSOS:
2083 2749 3624 2811 Trácense en una pared caracteres ó dibujos
2012 2838 3618 2900 con un pincel monado en una solución acuosa¬
2000 2922 3612 2990 ú oleosa de fosforo. En la oscuridad los di¬
2006 3018 3630 3079 buios aparecen luminosos, y cuantos espíritus
2030 3113 3612 3175 pusilámines no se han espantado en tan sencillo¬
2012 3197 2495 3265 procedimiento.
2065 3286 3630 3348 Es que el fósforo que el pincel deja en la
2012 3382 3624 3438 pared se une al exígeno del nire á causa de¬
2012 3471 3618 3533 su gran afinidad con dicho gas, y desprende¬
2006 3555 3600 3623 las luces fosforecentes que en él acompañan
2012 3650 3355 3712 siempre esta verdadera combustión lenta.
2012 3818 3618 3880 mente para el estudio de las costumbres
2012 3895 3600 3951 actuales ó de otras épocas. Pero quisiéramos
2006 3967 3600 4035 que no sa saliese nunca de sus dominios: que¬
2006 4039 3594 4106 no sirviera de fomes á las malos pasiones,
1994 4110 3600 4178 á los males deseos; que no pervirtiera las ima¬
1994 4194 3582 4250 ginaciones calentándolas con ideales seductores
2000 4259 3582 4327 de la inmoralidad, del desorden, del vicio, del
2000 4331 2262 4399 crimen.
2047 4468 3594 4536 Conservad los emboltorios de las latas de la
1994 4552 3588 4626 Harina Lacteada Nestle cada en¬
1994 4648 3164 4709 voltorio vale para un premio.
2077 4803 3564 4859 Kun sino ang kumatha ng "Florante
2000 4898 3582 4960 Sinulat ni HERMENEGILDO Cruz.—Kasaysayan
1994 4988 3582 5050 ng buhay ng᷉ bantog na makatang si Fran¬
1982 5071 3588 5139 cisco Baltazar. Taglay ang ilan sa mg᷉a tula
1982 5161 3576 5229 niyang di pa napapalimbag. Ipinagbibili sa
1988 5257 3576 5319 lahat ng᷉ libreria dito sa Maynila—Kung pa¬
1988 5340 3588 5414 kivawa'y magsadyá sa Liwasan ng᷉ Sta. Cruz..
1994 5430 2322 5498 bilang 15.
