<?xml version="1.0" encoding="UTF-8" standalone="yes"?>
<PcGts xmlns="http://schema.primaresearch.org/PAGE/gts/pagecontent/2013-07-15" xmlns:xsi="http://www.w3.org/2001/XMLSchema-instance" xsi:schemaLocation="http://schema.primaresearch.org/PAGE/gts/pagecontent/2013-07-15 http://schema.primaresearch.org/PAGE/gts/pagecontent/2013-07-15/pagecontent.xsd">
    <Metadata>
        <Creator>prov=READ-COOP:name=PyLaia@TranskribusPlatform:version=2.33.0:model_id=419461:lm=provided:date=26_10_2025_00:23</Creator>
        <Created>2025-10-25T14:26:41.964298</Created>
        <LastChange>2025-10-26T00:23:25.500+02:00</LastChange>
        <TranskribusMetadata docId="11368283" pageId="104384801" pageNr="59" tsid="258865669" status="IN_PROGRESS" userId="30120" imgUrl="https://files.transkribus.eu/Get?fileType=view&amp;id=LUEQFTPPGZATSJNZNSCBRNAV" xmlUrl="https://files.transkribus.eu/Get?id=OIJHSKNJSTDMSXZXDJYFJVJW" imageId="87594591"/>
    </Metadata>
    <Page imageFilename="0059_1909_sep_22_page7.jpg" imageWidth="4011" imageHeight="6173">
        <ReadingOrder>
            <OrderedGroup id="ro_1781166670158" caption="Regions reading order">
                <RegionRefIndexed index="0" regionRef="tr_1761395233"/>
                <RegionRefIndexed index="1" regionRef="tr_1761395234"/>
                <RegionRefIndexed index="2" regionRef="tr_1761395235"/>
                <RegionRefIndexed index="3" regionRef="tr_1761395240"/>
                <RegionRefIndexed index="4" regionRef="tr_1761395237"/>
                <RegionRefIndexed index="5" regionRef="tr_1761395231"/>
                <RegionRefIndexed index="6" regionRef="tr_1761395232"/>
                <RegionRefIndexed index="7" regionRef="tr_1761395239"/>
                <RegionRefIndexed index="8" regionRef="tr_1761395238"/>
                <RegionRefIndexed index="9" regionRef="tr_1761395236"/>
            </OrderedGroup>
        </ReadingOrder>
        <TextRegion id="tr_1761395233" custom="readingOrder {index:0;}">
            <Coords points="267,299 3637,299 3637,655 267,655"/>
            <TextLine id="tr_1761395233_tl_1" custom="readingOrder {index:0;}">
                <Coords points="2477,540 2835,540 2835,590 2477,590"/>
                <Baseline points="2477,585 2567,579 2656,585 2746,579 2835,585"/>
                <TextEquiv>
                    <Unicode>A</Unicode>
                </TextEquiv>
            </TextLine>
            <TextEquiv>
                <Unicode></Unicode>
            </TextEquiv>
        </TextRegion>
        <TextRegion id="tr_1761395234" custom="readingOrder {index:1;}">
            <Coords points="194,609 3726,609 3726,1489 194,1489"/>
            <TextLine id="tr_1761395234_tl_1" custom="readingOrder {index:0;}">
                <Coords points="328,731 3623,659 3623,709 3534,715 328,781"/>
                <Baseline points="328,776 399,776 489,776 579,776 668,776 758,776 847,776 937,770 1026,770 1116,770 1205,770 1295,770 1385,764 1474,764 1564,758 1653,752 1743,752 1832,752 1922,746 2011,746 2101,740 2190,740 2280,740 2370,740 2459,740 2549,734 2638,734 2728,734 2817,728 2907,728 2996,722 3086,722 3176,722 3265,716 3355,710 3444,710 3534,710 3623,704"/>
                <TextEquiv>
                    <Unicode>SEMANARIO ILUSTRADO DE CIENCIAS, LITERATURA, BELLAS ARTES, MEDICINAS CASERAS, HIGIENE Y CONOCIMIENTOS</Unicode>
                </TextEquiv>
            </TextLine>
            <TextLine id="tr_1761395234_tl_2" custom="readingOrder {index:1;}">
                <Coords points="1564,784 2405,778 2405,828 1564,834"/>
                <Baseline points="1564,829 1599,829 1689,829 1779,829 1868,829 1958,823 2047,823 2137,817 2226,817 2316,817 2405,823"/>
                <TextEquiv>
                    <Unicode>ÚTILES A LA VIDA PRÁCTICA.</Unicode>
                </TextEquiv>
            </TextLine>
            <TextLine id="tr_1761395234_tl_3" custom="readingOrder {index:2;}">
                <Coords points="1086,868 2889,832 2889,882 1086,918"/>
                <Baseline points="1086,913 1098,913 1188,913 1277,913 1367,907 1456,907 1546,907 1635,901 1725,901 1814,901 1904,901 1993,895 2083,895 2173,889 2262,889 2352,889 2441,889 2531,883 2620,883 2710,883 2799,877 2889,877"/>
                <TextEquiv>
                    <Unicode>DEDICADO EXCLUSIVAMENTE A LA MUJER</Unicode>
                </TextEquiv>
            </TextLine>
            <TextLine id="tr_1761395234_tl_4" custom="readingOrder {index:3;}">
                <Coords points="316,946 3623,880 3623,930 3534,936 316,996"/>
                <Baseline points="316,991 399,996 489,996 579,991 668,991 758,985 847,985 937,985 1026,985 1116,985 1205,985 1295,979 1385,973 1474,973 1564,973 1653,967 1743,967 1832,967 1922,961 2011,961 2101,961 2190,961 2280,955 2370,955 2459,955 2549,949 2638,949 2728,949 2817,949 2907,949 2996,943 3086,943 3176,937 3265,937 3355,931 3444,931 3534,931 3623,925"/>
                <TextEquiv>
                    <Unicode>La mujer sabla edifica de la nada su casa; mas la mujer lasensata lejos de edificar una casa que no existe, destruye con</Unicode>
                </TextEquiv>
            </TextLine>
            <TextLine id="tr_1761395234_tl_5" custom="readingOrder {index:4;}">
                <Coords points="1373,1011 2596,987 2596,1037 1373,1061"/>
                <Baseline points="1373,1056 1432,1056 1522,1056 1611,1050 1701,1050 1791,1050 1880,1050 1970,1044 2059,1050 2149,1044 2238,1038 2328,1038 2417,1032 2507,1032 2596,1032"/>
                <TextEquiv>
                    <Unicode>sus manos la que existe ya. Prov. XVIII.</Unicode>
                </TextEquiv>
            </TextLine>
            <TextLine id="tr_1761395234_tl_6" custom="readingOrder {index:5;}">
                <Coords points="1098,1107 2847,1077 2847,1127 1098,1157"/>
                <Baseline points="1098,1152 1146,1152 1235,1152 1325,1152 1414,1152 1504,1146 1593,1146 1683,1146 1773,1146 1862,1146 1952,1146 2041,1140 2131,1140 2220,1134 2310,1134 2399,1128 2489,1128 2579,1128 2668,1128 2758,1122 2847,1122"/>
                <TextEquiv>
                    <Unicode>SALE Á LUZ LOS DÍAS S, 15, 22 Y FIN DE CADA MES.</Unicode>
                </TextEquiv>
            </TextLine>
            <TextLine id="tr_1761395234_tl_7" custom="readingOrder {index:6;}">
                <Coords points="322,1232 3623,1166 3623,1216 322,1282"/>
                <Baseline points="322,1277 399,1277 489,1277 579,1277 668,1271 758,1271 847,1271 937,1265 1026,1265 1116,1265 1205,1259 1295,1259 1385,1259 1474,1259 1564,1253 1653,1253 1743,1253 1832,1247 1922,1247 2011,1247 2101,1247 2190,1241 2280,1241 2370,1235 2459,1235 2549,1235 2638,1235 2728,1235 2817,1235 2907,1229 2996,1229 3086,1223 3176,1223 3265,1223 3355,1217 3444,1211 3534,1211 3623,1211"/>
                <TextEquiv>
                    <Unicode>Pectora, CONSTANCIA POBLETE—Tel., 934—DIRECCION TELEGRAFICA FILIPINAS.—Admra, FRANCISCA GESMUNDO</Unicode>
                </TextEquiv>
            </TextLine>
            <TextLine id="tr_1761395234_tl_8" custom="readingOrder {index:7;}">
                <Coords points="340,1346 3599,1268 3599,1318 3510,1330 340,1396"/>
                <Baseline points="340,1391 376,1391 465,1385 555,1385 644,1385 734,1385 823,1379 913,1379 1002,1379 1092,1373 1182,1373 1271,1361 1361,1367 1450,1367 1540,1367 1629,1361 1719,1361 1808,1355 1898,1355 1988,1355 2077,1355 2167,1355 2256,1349 2346,1349 2435,1349 2525,1343 2614,1343 2704,1337 2793,1337 2883,1343 2973,1337 3062,1331 3152,1331 3241,1331 3331,1325 3420,1325 3510,1325 3599,1313"/>
                <TextEquiv>
                    <Unicode>Precios de subscripción: 10.30 al mes en Manila y P1.20 trimestre en provincias. Extran¬</Unicode>
                </TextEquiv>
            </TextLine>
            <TextLine id="tr_1761395234_tl_9" custom="readingOrder {index:8;}">
                <Coords points="776,1435 3182,1381 3182,1431 776,1485"/>
                <Baseline points="776,1480 853,1474 943,1462 1032,1462 1122,1462 1211,1462 1301,1462 1391,1462 1480,1456 1570,1456 1659,1456 1749,1450 1838,1450 1928,1450 2017,1444 2107,1444 2196,1438 2286,1438 2376,1438 2465,1438 2555,1438 2644,1432 2734,1432 2823,1432 2913,1426 3002,1426 3092,1426 3182,1426"/>
                <TextEquiv>
                    <Unicode>gero P500 semestre. Pagdadelantado. Números Sueltos 20 céntimos.</Unicode>
                </TextEquiv>
            </TextLine>
            <TextEquiv>
                <Unicode></Unicode>
            </TextEquiv>
        </TextRegion>
        <TextRegion id="tr_1761395235" custom="readingOrder {index:2;}">
            <Coords points="439,1510 3524,1510 3524,1706 439,1706"/>
            <TextLine id="tr_1761395235_tl_1" custom="readingOrder {index:0;}">
                <Coords points="3176,1560 3593,1554 3593,1604 3176,1610"/>
                <Baseline points="3176,1605 3235,1605 3325,1605 3414,1605 3504,1605 3593,1599"/>
                <TextEquiv>
                    <Unicode>Núm. 23.</Unicode>
                </TextEquiv>
            </TextLine>
            <TextLine id="tr_1761395235_tl_2" custom="readingOrder {index:1;}">
                <Coords points="991,1608 3020,1572 3020,1622 991,1658"/>
                <Baseline points="991,1653 1050,1653 1140,1653 1229,1653 1319,1653 1408,1653 1498,1647 1588,1647 1677,1641 1767,1635 1856,1635 1946,1635 2035,1635 2125,1635 2214,1635 2304,1629 2393,1629 2483,1629 2573,1623 2662,1623 2752,1623 2841,1617 2931,1617 3020,1617"/>
                <TextEquiv>
                    <Unicode>Manila, I. F., Miércoles, 22 de Septiembre de 1909.</Unicode>
                </TextEquiv>
            </TextLine>
            <TextLine id="tr_1761395235_tl_3" custom="readingOrder {index:2;}">
                <Coords points="453,1620 543,1614 776,1626 776,1676 543,1664 453,1670"/>
                <Baseline points="453,1665 543,1659 632,1665 722,1665 776,1671"/>
                <TextEquiv>
                    <Unicode>Año I.</Unicode>
                </TextEquiv>
            </TextLine>
            <TextEquiv>
                <Unicode></Unicode>
            </TextEquiv>
        </TextRegion>
        <TextRegion id="tr_1761395240" custom="readingOrder {index:3;}">
            <Coords points="689,1537 2688,1537 2688,1688 689,1688"/>
            <TextEquiv>
                <Unicode></Unicode>
            </TextEquiv>
        </TextRegion>
        <TextRegion id="tr_1761395237" custom="readingOrder {index:4;}">
            <Coords points="367,1807 3638,1807 3638,2462 367,2462"/>
            <TextLine id="tr_1761395237_tl_1" custom="readingOrder {index:0;}">
                <Coords points="740,1931 3235,1877 3235,1927 3056,1939 740,1981"/>
                <Baseline points="740,1976 817,1970 907,1970 996,1964 1086,1964 1176,1964 1265,1964 1355,1958 1444,1958 1534,1952 1623,1958 1713,1952 1802,1952 1892,1952 1982,1952 2071,1952 2161,1952 2250,1946 2340,1946 2429,1946 2519,1940 2608,1940 2698,1940 2787,1940 2877,1940 2967,1934 3056,1934 3146,1928 3235,1922"/>
                <TextEquiv>
                    <Unicode>DEDICAMOS ESTE NUMERO AL ESTABLECIMIENTO ALTAMENTE BENEFICO</Unicode>
                </TextEquiv>
            </TextLine>
            <TextLine id="tr_1761395237_tl_2" custom="readingOrder {index:1;}">
                <Coords points="2131,2116 3223,2098 3223,2148 2131,2166"/>
                <Baseline points="2131,2161 2149,2161 2238,2155 2328,2155 2417,2155 2507,2155 2596,2155 2686,2149 2776,2149 2865,2143 2955,2149 3044,2143 3134,2137 3223,2143"/>
                <TextEquiv>
                    <Unicode>CONSTON</Unicode>
                </TextEquiv>
            </TextLine>
            <TextLine id="tr_1761395237_tl_3" custom="readingOrder {index:2;}">
                <Coords points="799,2128 2047,2128 2047,2178 799,2178"/>
                <Baseline points="799,2173 889,2179 979,2173 1068,2173 1158,2179 1247,2167 1337,2167 1426,2167 1516,2161 1605,2167 1695,2167 1785,2167 1874,2161 1964,2161 2047,2173"/>
                <TextEquiv>
                    <Unicode>THE MARY S.</Unicode>
                </TextEquiv>
            </TextLine>
            <TextLine id="tr_1761395237_tl_4" custom="readingOrder {index:3;}">
                <Coords points="2035,2283 2787,2277 2787,2327 2035,2333"/>
                <Baseline points="2035,2328 2071,2322 2161,2322 2250,2322 2340,2328 2429,2328 2519,2322 2608,2322 2698,2322 2787,2322"/>
                <TextEquiv>
                    <Unicode>HOSPITAL</Unicode>
                </TextEquiv>
            </TextLine>
            <TextLine id="tr_1761395237_tl_5" custom="readingOrder {index:4;}">
                <Coords points="1241,2289 1988,2289 1988,2339 1241,2339"/>
                <Baseline points="1241,2334 1331,2328 1420,2334 1510,2328 1599,2328 1689,2328 1779,2328 1868,2328 1958,2334 1988,2334"/>
                <TextEquiv>
                    <Unicode>MEMORTAL</Unicode>
                </TextEquiv>
            </TextLine>
            <TextLine id="tr_1761395237_tl_6" custom="readingOrder {index:5;}">
                <Coords points="2662,2360 2734,2366 2913,2354 2913,2404 2734,2416 2662,2410"/>
                <Baseline points="2662,2405 2734,2411 2823,2405 2913,2399"/>
                <TextEquiv>
                    <Unicode>E</Unicode>
                </TextEquiv>
            </TextLine>
            <TextEquiv>
                <Unicode></Unicode>
            </TextEquiv>
        </TextRegion>
        <TextRegion id="tr_1761395231" custom="readingOrder {index:5;}">
            <Coords points="299,2367 1997,2367 1997,5153 299,5153"/>
            <TextLine id="tr_1761395231_tl_1" custom="readingOrder {index:0;}">
                <Coords points="435,2534 1940,2504 1940,2554 1850,2560 435,2584"/>
                <Baseline points="435,2579 507,2573 597,2573 686,2573 776,2567 865,2567 955,2567 1044,2567 1134,2561 1223,2561 1313,2561 1402,2555 1492,2555 1582,2555 1671,2555 1761,2555 1850,2555 1940,2549"/>
                <TextEquiv>
                    <Unicode>Era el 4 de Septiembre de 1909, entre 10</Unicode>
                </TextEquiv>
            </TextLine>
            <TextLine id="tr_1761395231_tl_2" custom="readingOrder {index:1;}">
                <Coords points="376,2611 1934,2581 1934,2631 376,2661"/>
                <Baseline points="376,2656 411,2656 501,2650 591,2650 680,2650 770,2650 859,2644 949,2644 1038,2638 1128,2638 1217,2638 1307,2632 1396,2632 1486,2632 1576,2632 1665,2632 1755,2632 1844,2626 1934,2626"/>
                <TextEquiv>
                    <Unicode>y 11 de la mañana, cuando con gratísisima sor¬</Unicode>
                </TextEquiv>
            </TextLine>
            <TextLine id="tr_1761395231_tl_3" custom="readingOrder {index:2;}">
                <Coords points="382,2689 1940,2659 1940,2709 382,2739"/>
                <Baseline points="382,2734 417,2728 507,2722 597,2722 686,2722 776,2722 865,2722 955,2716 1044,2716 1134,2710 1223,2710 1313,2710 1402,2704 1492,2710 1582,2710 1671,2710 1761,2704 1850,2704 1940,2704"/>
                <TextEquiv>
                    <Unicode>presa vimos llegar á esta nuestra modestísima</Unicode>
                </TextEquiv>
            </TextLine>
            <TextLine id="tr_1761395231_tl_4" custom="readingOrder {index:3;}">
                <Coords points="376,2760 1958,2731 1958,2781 376,2810"/>
                <Baseline points="376,2805 435,2799 525,2799 614,2793 704,2799 794,2799 883,2793 973,2793 1062,2793 1152,2787 1241,2787 1331,2782 1420,2782 1510,2782 1599,2782 1689,2782 1779,2782 1868,2776 1958,2776"/>
                <TextEquiv>
                    <Unicode>redacción las distinguidas señorn esposa y se¬</Unicode>
                </TextEquiv>
            </TextLine>
            <TextLine id="tr_1761395231_tl_5" custom="readingOrder {index:4;}">
                <Coords points="364,2838 1952,2802 1952,2852 1862,2858 364,2888"/>
                <Baseline points="364,2883 429,2877 519,2877 608,2877 698,2877 788,2871 877,2871 967,2871 1056,2865 1146,2865 1235,2865 1325,2865 1414,2859 1504,2859 1593,2859 1683,2853 1773,2853 1862,2853 1952,2847"/>
                <TextEquiv>
                    <Unicode>ñorita hija del notabilísimo abogado y juriscon¬</Unicode>
                </TextEquiv>
            </TextLine>
            <TextLine id="tr_1761395231_tl_6" custom="readingOrder {index:5;}">
                <Coords points="358,2904 1964,2886 1964,2936 358,2954"/>
                <Baseline points="358,2949 441,2955 531,2949 620,2949 710,2949 799,2943 889,2943 979,2943 1068,2943 1158,2937 1247,2937 1337,2937 1426,2937 1516,2937 1605,2937 1695,2937 1785,2931 1874,2931 1964,2931"/>
                <TextEquiv>
                    <Unicode>sulto Mr. W. A. Kinkaid, que nos favorece</Unicode>
                </TextEquiv>
            </TextLine>
            <TextLine id="tr_1761395231_tl_7" custom="readingOrder {index:6;}">
                <Coords points="364,2981 1528,2969 1528,3019 364,3031"/>
                <Baseline points="364,3026 453,3026 543,3026 632,3026 722,3020 811,3020 901,3020 991,3014 1080,3014 1170,3014 1259,3014 1349,3008 1438,3008 1528,3014"/>
                <TextEquiv>
                    <Unicode>con su leal y desinteresada amistad.</Unicode>
                </TextEquiv>
            </TextLine>
            <TextLine id="tr_1761395231_tl_8" custom="readingOrder {index:7;}">
                <Coords points="441,3059 1958,3035 1958,3085 441,3109"/>
                <Baseline points="441,3104 525,3098 614,3098 704,3098 794,3098 883,3098 973,3092 1062,3092 1152,3092 1241,3092 1331,3086 1420,3086 1510,3086 1599,3086 1689,3080 1779,3086 1868,3080 1958,3080"/>
                <TextEquiv>
                    <Unicode>Despues de los acostumbrados saludos, les</Unicode>
                </TextEquiv>
            </TextLine>
            <TextLine id="tr_1761395231_tl_9" custom="readingOrder {index:8;}">
                <Coords points="358,3148 817,3125 817,3175 358,3198"/>
                <Baseline points="358,3193 370,3193 459,3182 549,3176 638,3176 728,3170 817,3170"/>
                <TextEquiv>
                    <Unicode>preguntamos:</Unicode>
                </TextEquiv>
            </TextLine>
            <TextLine id="tr_1761395231_tl_10" custom="readingOrder {index:9;}">
                <Coords points="465,3196 1952,3178 1952,3228 465,3246"/>
                <Baseline points="465,3241 519,3253 608,3247 698,3247 788,3247 877,3241 967,3235 1056,3241 1146,3235 1235,3235 1325,3235 1414,3229 1504,3235 1593,3229 1683,3229 1773,3229 1862,3223 1952,3223"/>
                <TextEquiv>
                    <Unicode>—A qué debemos la inmarcesible honra de ser</Unicode>
                </TextEquiv>
            </TextLine>
            <TextLine id="tr_1761395231_tl_11" custom="readingOrder {index:10;}">
                <Coords points="370,3280 1970,3256 1970,3306 1880,3312 370,3330"/>
                <Baseline points="370,3325 447,3325 537,3325 626,3331 716,3325 805,3325 895,3319 985,3319 1074,3325 1164,3319 1253,3319 1343,3313 1432,3319 1522,3307 1611,3313 1701,3313 1791,3307 1880,3307 1970,3301"/>
                <TextEquiv>
                    <Unicode>visitadas por Vds? ¿En que podemos serles</Unicode>
                </TextEquiv>
            </TextLine>
            <TextLine id="tr_1761395231_tl_12" custom="readingOrder {index:11;}">
                <Coords points="376,3357 555,3357 579,3363 579,3413 555,3407 376,3407"/>
                <Baseline points="376,3402 465,3402 555,3402 579,3408"/>
                <TextEquiv>
                    <Unicode>útiles?</Unicode>
                </TextEquiv>
            </TextLine>
            <TextLine id="tr_1761395231_tl_13" custom="readingOrder {index:12;}">
                <Coords points="447,3429 1952,3411 1952,3461 447,3479"/>
                <Baseline points="447,3474 519,3468 608,3474 698,3474 788,3468 877,3468 967,3468 1056,3462 1146,3462 1235,3462 1325,3462 1414,3462 1504,3456 1593,3456 1683,3456 1773,3456 1862,3450 1952,3456"/>
                <TextEquiv>
                    <Unicode>—Estamos agradecidas por su fino y amable.</Unicode>
                </TextEquiv>
            </TextLine>
            <TextLine id="tr_1761395231_tl_14" custom="readingOrder {index:13;}">
                <Coords points="376,3513 1958,3483 1958,3533 376,3563"/>
                <Baseline points="376,3558 435,3552 525,3546 614,3546 704,3546 794,3546 883,3546 973,3540 1062,3540 1152,3534 1241,3534 1331,3534 1420,3540 1510,3534 1599,3528 1689,3528 1779,3528 1868,3528 1958,3528"/>
                <TextEquiv>
                    <Unicode>recibimiento. Venimos con una misión especial</Unicode>
                </TextEquiv>
            </TextLine>
            <TextLine id="tr_1761395231_tl_15" custom="readingOrder {index:14;}">
                <Coords points="370,3578 1952,3560 1952,3610 370,3628"/>
                <Baseline points="370,3623 429,3623 519,3623 608,3623 698,3623 788,3617 877,3617 967,3617 1056,3617 1146,3611 1235,3605 1325,3611 1414,3611 1504,3605 1593,3605 1683,3605 1773,3605 1862,3599 1952,3605"/>
                <TextEquiv>
                    <Unicode>que creemos agradará á Vdes. Hemos leido con¬</Unicode>
                </TextEquiv>
            </TextLine>
            <TextLine id="tr_1761395231_tl_16" custom="readingOrder {index:15;}">
                <Coords points="382,3656 1940,3638 1940,3688 382,3706"/>
                <Baseline points="382,3701 417,3701 507,3701 597,3695 686,3695 776,3695 865,3689 955,3689 1044,3689 1134,3689 1223,3683 1313,3683 1402,3689 1492,3683 1582,3683 1671,3677 1761,3677 1850,3683 1940,3683"/>
                <TextEquiv>
                    <Unicode>fruición y nos ha conmovido el artículo POR</Unicode>
                </TextEquiv>
            </TextLine>
            <TextLine id="tr_1761395231_tl_17" custom="readingOrder {index:16;}">
                <Coords points="370,3728 1940,3704 1940,3754 370,3778"/>
                <Baseline points="370,3773 417,3773 507,3773 597,3773 686,3773 776,3767 865,3767 955,3767 1044,3761 1134,3761 1223,3761 1313,3761 1402,3761 1492,3755 1582,3755 1671,3755 1761,3749 1850,3749 1940,3749"/>
                <TextEquiv>
                    <Unicode>HABRA NIROS DESGRACIADOS? publicado en el</Unicode>
                </TextEquiv>
            </TextLine>
            <TextLine id="tr_1761395231_tl_18" custom="readingOrder {index:17;}">
                <Coords points="376,3811 1964,3781 1964,3831 376,3861"/>
                <Baseline points="376,3856 441,3850 531,3844 620,3844 710,3844 799,3838 889,3838 979,3838 1068,3838 1158,3838 1247,3832 1337,3832 1426,3832 1516,3832 1605,3832 1695,3832 1785,3826 1874,3826 1964,3826"/>
                <TextEquiv>
                    <Unicode>número 26 del semanario ilustrado Filipinas</Unicode>
                </TextEquiv>
            </TextLine>
            <TextLine id="tr_1761395231_tl_19" custom="readingOrder {index:18;}">
                <Coords points="382,3877 1504,3865 1504,3915 382,3927"/>
                <Baseline points="382,3922 429,3922 519,3922 608,3922 698,3916 788,3916 877,3916 967,3916 1056,3916 1146,3910 1235,3910 1325,3910 1414,3910 1504,3910"/>
                <TextEquiv>
                    <Unicode>—nos dice la señora de Kinkaid.</Unicode>
                </TextEquiv>
            </TextLine>
            <TextLine id="tr_1761395231_tl_20" custom="readingOrder {index:19;}">
                <Coords points="447,3942 1964,3931 1964,3981 447,3992"/>
                <Baseline points="447,3987 531,3999 620,3999 710,3993 799,3993 889,3993 979,3987 1068,3987 1158,3987 1247,3982 1337,3982 1426,3982 1516,3982 1605,3982 1695,3976 1785,3976 1874,3976 1964,3976"/>
                <TextEquiv>
                    <Unicode>—Nada tienen que agradecernos: es nuestro de¬</Unicode>
                </TextEquiv>
            </TextLine>
            <TextLine id="tr_1761395231_tl_21" custom="readingOrder {index:20;}">
                <Coords points="376,4026 1964,3996 1964,4046 1874,4058 376,4076"/>
                <Baseline points="376,4071 441,4071 531,4077 620,4071 710,4071 799,4065 889,4065 979,4065 1068,4059 1158,4059 1247,4059 1337,4059 1426,4053 1516,4053 1605,4053 1695,4053 1785,4053 1874,4053 1964,4041"/>
                <TextEquiv>
                    <Unicode>ber. Efectivamente nublicamos ese artículo, ese</Unicode>
                </TextEquiv>
            </TextLine>
            <TextLine id="tr_1761395231_tl_22" custom="readingOrder {index:21;}">
                <Coords points="370,4104 1958,4080 1958,4130 370,4154"/>
                <Baseline points="370,4149 435,4149 525,4149 614,4143 704,4143 794,4143 883,4143 973,4143 1062,4137 1152,4137 1241,4137 1331,4131 1420,4131 1510,4131 1599,4131 1689,4125 1779,4125 1868,4125 1958,4125"/>
                <TextEquiv>
                    <Unicode>llamamiento á los buenos corazones en favor de la</Unicode>
                </TextEquiv>
            </TextLine>
            <TextLine id="tr_1761395231_tl_23" custom="readingOrder {index:22;}">
                <Coords points="376,4187 1964,4163 1964,4213 376,4237"/>
                <Baseline points="376,4232 441,4226 531,4220 620,4220 710,4220 799,4214 889,4214 979,4214 1068,4214 1158,4214 1247,4208 1337,4208 1426,4208 1516,4208 1605,4208 1695,4202 1785,4202 1874,4202 1964,4208"/>
                <TextEquiv>
                    <Unicode>niñez desgraciade, á la que ansiamos contribuin</Unicode>
                </TextEquiv>
            </TextLine>
            <TextLine id="tr_1761395231_tl_24" custom="readingOrder {index:23;}">
                <Coords points="382,4253 1940,4229 1940,4279 1850,4285 382,4303"/>
                <Baseline points="382,4298 417,4298 507,4298 597,4298 686,4298 776,4298 865,4292 955,4292 1044,4292 1134,4286 1223,4286 1313,4286 1402,4286 1492,4286 1582,4280 1671,4280 1761,4280 1850,4280 1940,4274"/>
                <TextEquiv>
                    <Unicode>con nuestras actividades todas para su completa re¬</Unicode>
                </TextEquiv>
            </TextLine>
            <TextLine id="tr_1761395231_tl_25" custom="readingOrder {index:24;}">
                <Coords points="382,4331 1970,4307 1970,4357 382,4381"/>
                <Baseline points="382,4376 447,4376 537,4370 626,4370 716,4370 805,4370 895,4370 985,4364 1074,4364 1164,4364 1253,4364 1343,4358 1432,4358 1522,4358 1611,4358 1701,4352 1791,4352 1880,4352 1970,4352"/>
                <TextEquiv>
                    <Unicode>dención, y nuestra alegría es inmensa al ver</Unicode>
                </TextEquiv>
            </TextLine>
            <TextLine id="tr_1761395231_tl_26" custom="readingOrder {index:25;}">
                <Coords points="376,4408 1970,4378 1970,4428 376,4458"/>
                <Baseline points="376,4453 447,4453 537,4447 626,4441 716,4441 805,4441 895,4441 985,4441 1074,4441 1164,4441 1253,4435 1343,4435 1432,4429 1522,4429 1611,4429 1701,4429 1791,4429 1880,4423 1970,4423"/>
                <TextEquiv>
                    <Unicode>que en tan influventes Damas haya encontrado</Unicode>
                </TextEquiv>
            </TextLine>
            <TextLine id="tr_1761395231_tl_27" custom="readingOrder {index:26;}">
                <Coords points="370,4480 1964,4450 1964,4500 1874,4512 370,4530"/>
                <Baseline points="370,4525 441,4525 531,4519 620,4519 710,4519 799,4519 889,4519 979,4519 1068,4513 1158,4513 1247,4519 1337,4513 1426,4507 1516,4507 1605,4507 1695,4507 1785,4507 1874,4507 1964,4495"/>
                <TextEquiv>
                    <Unicode>eco nuestra humilde voz, nacida de las profun¬</Unicode>
                </TextEquiv>
            </TextLine>
            <TextLine id="tr_1761395231_tl_28" custom="readingOrder {index:27;}">
                <Coords points="370,4557 949,4551 949,4601 370,4607"/>
                <Baseline points="370,4602 411,4602 501,4602 591,4596 680,4596 770,4596 859,4590 949,4596"/>
                <TextEquiv>
                    <Unicode>didades del alma.</Unicode>
                </TextEquiv>
            </TextLine>
            <TextLine id="tr_1761395231_tl_29" custom="readingOrder {index:28;}">
                <Coords points="447,4629 1958,4605 1958,4655 447,4679"/>
                <Baseline points="447,4674 525,4674 614,4668 704,4668 794,4668 883,4668 973,4668 1062,4662 1152,4662 1241,4656 1331,4662 1420,4656 1510,4656 1599,4656 1689,4656 1779,4656 1868,4650 1958,4650"/>
                <TextEquiv>
                    <Unicode>—Pueden estar seguras; todas las almas ge¬</Unicode>
                </TextEquiv>
            </TextLine>
            <TextLine id="tr_1761395231_tl_30" custom="readingOrder {index:29;}">
                <Coords points="370,4701 1958,4683 1958,4733 370,4751"/>
                <Baseline points="370,4746 435,4746 525,4746 614,4746 704,4746 794,4740 883,4740 973,4740 1062,4734 1152,4734 1241,4734 1331,4734 1420,4734 1510,4728 1599,4728 1689,4728 1779,4728 1868,4728 1958,4728"/>
                <TextEquiv>
                    <Unicode>nerosas están con Vdes., y en favor de su¬</Unicode>
                </TextEquiv>
            </TextLine>
            <TextLine id="tr_1761395231_tl_31" custom="readingOrder {index:30;}">
                <Coords points="370,4778 1970,4748 1970,4798 1880,4804 370,4828"/>
                <Baseline points="370,4823 447,4823 537,4823 626,4823 716,4817 805,4817 895,4817 985,4811 1074,4811 1164,4811 1253,4811 1343,4805 1432,4811 1522,4805 1611,4805 1701,4805 1791,4799 1880,4799 1970,4793"/>
                <TextEquiv>
                    <Unicode>idea hace algun tiempo se ha fundado en Ma¬</Unicode>
                </TextEquiv>
            </TextLine>
            <TextLine id="tr_1761395231_tl_32" custom="readingOrder {index:31;}">
                <Coords points="388,4850 1976,4832 1976,4882 388,4900"/>
                <Baseline points="388,4895 453,4901 543,4895 632,4895 722,4889 811,4889 901,4889 991,4889 1080,4889 1170,4883 1259,4883 1349,4883 1438,4883 1528,4883 1617,4889 1707,4883 1796,4877 1886,4877 1976,4877"/>
                <TextEquiv>
                    <Unicode>nila un establecimiento de caridad, iconocen</Unicode>
                </TextEquiv>
            </TextLine>
            <TextLine id="tr_1761395231_tl_33" custom="readingOrder {index:32;}">
                <Coords points="394,4928 1964,4904 1964,4954 1874,4960 394,4978"/>
                <Baseline points="394,4973 441,4973 531,4973 620,4955 710,4961 799,4967 889,4967 979,4967 1068,4967 1158,4961 1247,4961 1337,4961 1426,4961 1516,4961 1605,4961 1695,4961 1785,4955 1874,4955 1964,4949"/>
                <TextEquiv>
                    <Unicode>Vdes. The Mary J. Johnston memorial Hos¬</Unicode>
                </TextEquiv>
            </TextLine>
            <TextLine id="tr_1761395231_tl_34" custom="readingOrder {index:33;}">
                <Coords points="388,5017 423,5005 513,5005 602,4993 602,5043 513,5055 423,5055 388,5067"/>
                <Baseline points="388,5062 423,5050 513,5050 602,5038"/>
                <TextEquiv>
                    <Unicode>pital?</Unicode>
                </TextEquiv>
            </TextLine>
            <TextEquiv>
                <Unicode></Unicode>
            </TextEquiv>
        </TextRegion>
        <TextRegion id="tr_1761395232" custom="readingOrder {index:6;}">
            <Coords points="2007,2388 3670,2388 3670,5091 2007,5091"/>
            <TextLine id="tr_1761395232_tl_1" custom="readingOrder {index:0;}">
                <Coords points="2119,2504 2543,2498 2543,2548 2119,2554"/>
                <Baseline points="2119,2549 2185,2549 2274,2549 2364,2549 2453,2543 2543,2543"/>
                <TextEquiv>
                    <Unicode>—No, señora.</Unicode>
                </TextEquiv>
            </TextLine>
            <TextLine id="tr_1761395232_tl_2" custom="readingOrder {index:1;}">
                <Coords points="2137,2569 3611,2551 3611,2601 2137,2619"/>
                <Baseline points="2137,2614 2179,2620 2268,2626 2358,2626 2447,2620 2537,2620 2626,2620 2716,2620 2805,2614 2895,2608 2985,2608 3074,2608 3164,2602 3253,2602 3343,2596 3432,2596 3522,2596 3611,2596"/>
                <TextEquiv>
                    <Unicode>—Pues, he ahí nuestra misión; invitar á Vdes.</Unicode>
                </TextEquiv>
            </TextLine>
            <TextLine id="tr_1761395232_tl_3" custom="readingOrder {index:2;}">
                <Coords points="2047,2671 3629,2629 3629,2679 2047,2721"/>
                <Baseline points="2047,2716 2107,2704 2196,2704 2286,2698 2376,2698 2465,2698 2555,2698 2644,2692 2734,2692 2823,2692 2913,2686 3002,2686 3092,2680 3182,2680 3271,2674 3361,2674 3450,2674 3540,2674 3629,2674"/>
                <TextEquiv>
                    <Unicode>para que lo visiten en él encontrarán Vds.</Unicode>
                </TextEquiv>
            </TextLine>
            <TextLine id="tr_1761395232_tl_4" custom="readingOrder {index:3;}">
                <Coords points="2041,2737 3617,2689 3617,2739 3438,2757 2041,2787"/>
                <Baseline points="2041,2782 2095,2776 2185,2776 2274,2776 2364,2770 2453,2770 2543,2770 2632,2770 2722,2764 2811,2764 2901,2758 2990,2758 3080,2758 3170,2752 3259,2752 3349,2752 3438,2752 3528,2746 3617,2734"/>
                <TextEquiv>
                    <Unicode>algo sino mucho de lo que sus bellos senti¬</Unicode>
                </TextEquiv>
            </TextLine>
            <TextLine id="tr_1761395232_tl_5" custom="readingOrder {index:4;}">
                <Coords points="2035,2814 3367,2784 3367,2834 2035,2864"/>
                <Baseline points="2035,2859 2113,2853 2202,2853 2292,2847 2382,2847 2471,2847 2561,2847 2650,2841 2740,2841 2829,2841 2919,2835 3008,2829 3098,2829 3187,2829 3277,2823 3367,2829"/>
                <TextEquiv>
                    <Unicode>mientos anhelan para la niñez desvalida.</Unicode>
                </TextEquiv>
            </TextLine>
            <TextLine id="tr_1761395232_tl_6" custom="readingOrder {index:5;}">
                <Coords points="2101,2880 3611,2850 3611,2900 2101,2930"/>
                <Baseline points="2101,2925 2179,2925 2268,2925 2358,2925 2447,2925 2537,2919 2626,2919 2716,2919 2805,2913 2895,2913 2985,2913 3074,2907 3164,2901 3253,2901 3343,2901 3432,2901 3522,2895 3611,2895"/>
                <TextEquiv>
                    <Unicode>Prometimos hacerlo en la tarde del siguiente</Unicode>
                </TextEquiv>
            </TextLine>
            <TextLine id="tr_1761395232_tl_7" custom="readingOrder {index:6;}">
                <Coords points="2029,2957 3611,2922 3611,2972 3522,2978 2029,3007"/>
                <Baseline points="2029,3002 2089,3002 2179,3002 2268,2996 2358,2996 2447,2996 2537,2996 2626,2996 2716,2990 2805,2990 2895,2985 2985,2990 3074,2985 3164,2979 3253,2973 3343,2973 3432,2973 3522,2973 3611,2967"/>
                <TextEquiv>
                    <Unicode>día, domingo, 5 del actual, ya que ocupacio¬</Unicode>
                </TextEquiv>
            </TextLine>
            <TextLine id="tr_1761395232_tl_8" custom="readingOrder {index:7;}">
                <Coords points="2035,3035 3617,2993 3617,3043 3528,3055 2035,3085"/>
                <Baseline points="2035,3080 2095,3074 2185,3074 2274,3074 2364,3074 2453,3068 2543,3068 2632,3068 2722,3068 2811,3062 2901,3062 2990,3062 3080,3056 3170,3056 3259,3050 3349,3050 3438,3050 3528,3050 3617,3038"/>
                <TextEquiv>
                    <Unicode>nes múltiples y perentorias no nos permite ve¬</Unicode>
                </TextEquiv>
            </TextLine>
            <TextLine id="tr_1761395232_tl_9" custom="readingOrder {index:8;}">
                <Coords points="2041,3107 3510,3083 3510,3133 2041,3157"/>
                <Baseline points="2041,3152 2077,3158 2167,3152 2256,3146 2346,3152 2435,3146 2525,3146 2614,3146 2704,3146 2793,3140 2883,3140 2973,3134 3062,3134 3152,3128 3241,3128 3331,3128 3420,3128 3510,3128"/>
                <TextEquiv>
                    <Unicode>rificarlo inmediatamente como quisiéramos.</Unicode>
                </TextEquiv>
            </TextLine>
            <TextLine id="tr_1761395232_tl_10" custom="readingOrder {index:9;}">
                <Coords points="2101,3184 3402,3160 3402,3210 2101,3234"/>
                <Baseline points="2101,3229 2149,3229 2238,3223 2328,3223 2417,3229 2507,3229 2596,3223 2686,3217 2776,3217 2865,3217 2955,3211 3044,3211 3134,3205 3223,3205 3313,3205 3402,3205"/>
                <TextEquiv>
                    <Unicode>Y hemos cumplido nuestro ofrecimiento.</Unicode>
                </TextEquiv>
            </TextLine>
            <TextLine id="tr_1761395232_tl_11" custom="readingOrder {index:10;}">
                <Coords points="2101,3357 3617,3334 3617,3384 2101,3407"/>
                <Baseline points="2101,3402 2185,3402 2274,3402 2364,3402 2453,3402 2543,3396 2632,3396 2722,3396 2811,3396 2901,3390 2990,3390 3080,3390 3170,3385 3259,3385 3349,3379 3438,3379 3528,3379 3617,3379"/>
                <TextEquiv>
                    <Unicode>Hemos sido recibidas y agasajadas cordial¬</Unicode>
                </TextEquiv>
            </TextLine>
            <TextLine id="tr_1761395232_tl_12" custom="readingOrder {index:11;}">
                <Coords points="2035,3435 3617,3411 3617,3461 2035,3485"/>
                <Baseline points="2035,3480 2095,3480 2185,3480 2274,3480 2364,3474 2453,3474 2543,3474 2632,3474 2722,3474 2811,3468 2901,3468 2990,3462 3080,3462 3170,3462 3259,3456 3349,3450 3438,3450 3528,3456 3617,3456"/>
                <TextEquiv>
                    <Unicode>mente por la doctora Rebecca Parish y demás</Unicode>
                </TextEquiv>
            </TextLine>
            <TextLine id="tr_1761395232_tl_13" custom="readingOrder {index:12;}">
                <Coords points="2041,3513 3623,3483 3623,3533 2041,3563"/>
                <Baseline points="2041,3558 2101,3558 2190,3558 2280,3552 2370,3552 2459,3552 2549,3552 2638,3546 2728,3552 2817,3546 2907,3540 2996,3540 3086,3534 3176,3534 3265,3534 3355,3528 3444,3528 3534,3528 3623,3528"/>
                <TextEquiv>
                    <Unicode>personal femenino á sus órdenes, enseñándonos</Unicode>
                </TextEquiv>
            </TextLine>
            <TextLine id="tr_1761395232_tl_14" custom="readingOrder {index:13;}">
                <Coords points="2041,3584 3617,3554 3617,3604 3528,3610 2041,3634"/>
                <Baseline points="2041,3629 2095,3629 2185,3629 2274,3629 2364,3629 2453,3623 2543,3623 2632,3623 2722,3623 2811,3617 2901,3617 2990,3617 3080,3611 3170,3611 3259,3605 3349,3605 3438,3605 3528,3605 3617,3599"/>
                <TextEquiv>
                    <Unicode>detallada y minnciosamente todos los depar¬</Unicode>
                </TextEquiv>
            </TextLine>
            <TextLine id="tr_1761395232_tl_15" custom="readingOrder {index:14;}">
                <Coords points="2047,3668 3623,3638 3623,3688 3534,3694 2047,3718"/>
                <Baseline points="2047,3713 2101,3707 2190,3701 2280,3701 2370,3701 2459,3701 2549,3707 2638,3701 2728,3701 2817,3701 2907,3701 2996,3701 3086,3695 3176,3695 3265,3689 3355,3689 3444,3689 3534,3689 3623,3683"/>
                <TextEquiv>
                    <Unicode>tamentos del Hospital Conmemorativo</Unicode>
                </TextEquiv>
            </TextLine>
            <TextLine id="tr_1761395232_tl_16" custom="readingOrder {index:15;}">
                <Coords points="2047,3745 2961,3734 2961,3784 2047,3795"/>
                <Baseline points="2047,3790 2065,3790 2155,3784 2244,3784 2334,3784 2423,3784 2513,3784 2602,3784 2692,3779 2782,3779 2871,3773 2961,3779"/>
                <TextEquiv>
                    <Unicode>de Mar. Jonston.</Unicode>
                </TextEquiv>
            </TextLine>
            <TextLine id="tr_1761395232_tl_17" custom="readingOrder {index:16;}">
                <Coords points="2113,3823 3629,3799 3629,3849 2113,3873"/>
                <Baseline points="2113,3868 2196,3868 2286,3868 2376,3868 2465,3862 2555,3862 2644,3862 2734,3862 2823,3856 2913,3856 3002,3856 3092,3850 3182,3850 3271,3850 3361,3844 3450,3844 3540,3844 3629,3844"/>
                <TextEquiv>
                    <Unicode>Este establecimiento benéfico se halla situado</Unicode>
                </TextEquiv>
            </TextLine>
            <TextLine id="tr_1761395232_tl_18" custom="readingOrder {index:17;}">
                <Coords points="2047,3901 3623,3871 3623,3921 3534,3927 2047,3951"/>
                <Baseline points="2047,3946 2101,3946 2190,3946 2280,3940 2370,3940 2459,3940 2549,3940 2638,3934 2728,3934 2817,3934 2907,3928 2996,3928 3086,3928 3176,3928 3265,3922 3355,3922 3444,3922 3534,3922 3623,3916"/>
                <TextEquiv>
                    <Unicode>al final de la calle Quesada, del arrabal de</Unicode>
                </TextEquiv>
            </TextLine>
            <TextLine id="tr_1761395232_tl_19" custom="readingOrder {index:18;}">
                <Coords points="2041,3966 3629,3948 3629,3998 2041,4016"/>
                <Baseline points="2041,4011 2107,4017 2196,4017 2286,4017 2376,4017 2465,4011 2555,4011 2644,4011 2734,4011 2823,4011 2913,4005 3002,4005 3092,4005 3182,3999 3271,3999 3361,3993 3450,3993 3540,3993 3629,3993"/>
                <TextEquiv>
                    <Unicode>Tondo, casi en las mismas playas de la bahía</Unicode>
                </TextEquiv>
            </TextLine>
            <TextLine id="tr_1761395232_tl_20" custom="readingOrder {index:19;}">
                <Coords points="2041,4056 3623,4020 3623,4070 3534,4076 2041,4106"/>
                <Baseline points="2041,4101 2101,4101 2190,4095 2280,4095 2370,4095 2459,4089 2549,4083 2638,4089 2728,4083 2817,4083 2907,4083 2996,4077 3086,4077 3176,4077 3265,4077 3355,4071 3444,4071 3534,4071 3623,4065"/>
                <TextEquiv>
                    <Unicode>de Manila, excelente posición que permite á</Unicode>
                </TextEquiv>
            </TextLine>
            <TextLine id="tr_1761395232_tl_21" custom="readingOrder {index:20;}">
                <Coords points="2029,4122 3623,4092 3623,4142 3444,4154 2029,4172"/>
                <Baseline points="2029,4167 2101,4173 2190,4173 2280,4167 2370,4167 2459,4167 2549,4167 2638,4161 2728,4161 2817,4161 2907,4155 2996,4155 3086,4155 3176,4149 3265,4143 3355,4149 3444,4149 3534,4143 3623,4137"/>
                <TextEquiv>
                    <Unicode>sus asilados respirar con abundancia las salu¬</Unicode>
                </TextEquiv>
            </TextLine>
            <TextLine id="tr_1761395232_tl_22" custom="readingOrder {index:21;}">
                <Coords points="2035,4205 3623,4169 3623,4219 3534,4225 2035,4255"/>
                <Baseline points="2035,4250 2101,4244 2190,4244 2280,4244 2370,4244 2459,4238 2549,4238 2638,4238 2728,4238 2817,4232 2907,4232 2996,4226 3086,4232 3176,4232 3265,4226 3355,4220 3444,4220 3534,4220 3623,4214"/>
                <TextEquiv>
                    <Unicode>tíferas brisas salitrosas del mar. Además, es</Unicode>
                </TextEquiv>
            </TextLine>
            <TextLine id="tr_1761395232_tl_23" custom="readingOrder {index:22;}">
                <Coords points="2041,4277 3623,4253 3623,4303 2041,4327"/>
                <Baseline points="2041,4322 2101,4322 2190,4322 2280,4322 2370,4316 2459,4316 2549,4316 2638,4310 2728,4310 2817,4310 2907,4304 2996,4304 3086,4304 3176,4304 3265,4304 3355,4298 3444,4298 3534,4298 3623,4298"/>
                <TextEquiv>
                    <Unicode>sabido que Tondo es el arrabal más pobre de</Unicode>
                </TextEquiv>
            </TextLine>
            <TextLine id="tr_1761395232_tl_24" custom="readingOrder {index:23;}">
                <Coords points="2053,4348 3623,4325 3623,4375 2053,4398"/>
                <Baseline points="2053,4393 2101,4393 2190,4399 2280,4399 2370,4393 2459,4393 2549,4393 2638,4387 2728,4387 2817,4381 2907,4381 2996,4376 3086,4376 3176,4376 3265,4370 3355,4370 3444,4370 3534,4370 3623,4370"/>
                <TextEquiv>
                    <Unicode>Manila, si bien es el más populoso y la cuna¬</Unicode>
                </TextEquiv>
            </TextLine>
            <TextLine id="tr_1761395232_tl_25" custom="readingOrder {index:24;}">
                <Coords points="2041,4420 3623,4396 3623,4446 3534,4452 2041,4470"/>
                <Baseline points="2041,4465 2101,4471 2190,4471 2280,4471 2370,4465 2459,4465 2549,4465 2638,4465 2728,4459 2817,4459 2907,4453 2996,4453 3086,4453 3176,4453 3265,4447 3355,4447 3444,4447 3534,4447 3623,4441"/>
                <TextEquiv>
                    <Unicode>del tagalismo, y por lo tanto, la situación del</Unicode>
                </TextEquiv>
            </TextLine>
            <TextLine id="tr_1761395232_tl_26" custom="readingOrder {index:25;}">
                <Coords points="2047,4498 3641,4480 3641,4530 2047,4548"/>
                <Baseline points="2047,4543 2119,4549 2208,4543 2298,4543 2388,4549 2477,4543 2567,4537 2656,4537 2746,4537 2835,4531 2925,4531 3014,4531 3104,4525 3193,4525 3283,4525 3373,4519 3462,4519 3552,4519 3641,4525"/>
                <TextEquiv>
                    <Unicode>hospital á que nos referimos es la más adecuada</Unicode>
                </TextEquiv>
            </TextLine>
            <TextLine id="tr_1761395232_tl_27" custom="readingOrder {index:26;}">
                <Coords points="2053,4581 3641,4551 3641,4601 2053,4631"/>
                <Baseline points="2053,4626 2119,4620 2208,4620 2298,4620 2388,4620 2477,4614 2567,4614 2656,4614 2746,4608 2835,4608 2925,4608 3014,4608 3104,4602 3193,4602 3283,4602 3373,4602 3462,4602 3552,4596 3641,4596"/>
                <TextEquiv>
                    <Unicode>para socorrer con prontitud y eficácia á los des¬</Unicode>
                </TextEquiv>
            </TextLine>
            <TextLine id="tr_1761395232_tl_28" custom="readingOrder {index:27;}">
                <Coords points="2041,4653 2973,4641 2973,4691 2041,4703"/>
                <Baseline points="2041,4698 2077,4698 2167,4698 2256,4692 2346,4698 2435,4692 2525,4692 2614,4692 2704,4686 2793,4686 2883,4686 2973,4686"/>
                <TextEquiv>
                    <Unicode>heredados de la loca fortuna.</Unicode>
                </TextEquiv>
            </TextLine>
            <TextLine id="tr_1761395232_tl_29" custom="readingOrder {index:28;}">
                <Coords points="2113,4742 3629,4719 3629,4769 2113,4792"/>
                <Baseline points="2113,4787 2196,4787 2286,4781 2376,4781 2465,4781 2555,4781 2644,4776 2734,4776 2823,4776 2913,4770 3002,4770 3092,4764 3182,4764 3271,4764 3361,4764 3450,4764 3540,4764 3629,4764"/>
                <TextEquiv>
                    <Unicode>Aunque dicho Hospital no es de los más gran¬</Unicode>
                </TextEquiv>
            </TextLine>
            <TextLine id="tr_1761395232_tl_30" custom="readingOrder {index:29;}">
                <Coords points="2041,4814 3623,4784 3623,4834 3444,4846 2041,4864"/>
                <Baseline points="2041,4859 2101,4859 2190,4859 2280,4859 2370,4859 2459,4853 2549,4853 2638,4853 2728,4853 2817,4853 2907,4847 2996,4847 3086,4841 3176,4841 3265,4841 3355,4841 3444,4841 3534,4835 3623,4829"/>
                <TextEquiv>
                    <Unicode>des como es de desear, pero están tan bien dis¬</Unicode>
                </TextEquiv>
            </TextLine>
            <TextLine id="tr_1761395232_tl_31" custom="readingOrder {index:30;}">
                <Coords points="2059,4898 3635,4862 3635,4912 3456,4924 2059,4948"/>
                <Baseline points="2059,4943 2113,4937 2202,4937 2292,4937 2382,4937 2471,4931 2561,4931 2650,4931 2740,4925 2829,4925 2919,4925 3008,4919 3098,4919 3187,4919 3277,4919 3367,4919 3456,4919 3546,4913 3635,4907"/>
                <TextEquiv>
                    <Unicode>tribuidos y utilizados los espacios que en el</Unicode>
                </TextEquiv>
            </TextLine>
            <TextLine id="tr_1761395232_tl_32" custom="readingOrder {index:31;}">
                <Coords points="2483,4981 3211,4957 3211,5007 2483,5031"/>
                <Baseline points="2483,5026 2495,5020 2585,5020 2674,5020 2764,5020 2853,5020 2943,5014 3032,5008 3122,5008 3211,5002"/>
                <TextEquiv>
                    <Unicode>Continua en la página 180</Unicode>
                </TextEquiv>
            </TextLine>
            <TextEquiv>
                <Unicode></Unicode>
            </TextEquiv>
        </TextRegion>
        <TextRegion id="tr_1761395239" custom="readingOrder {index:7;}">
            <Coords points="2224,4968 3597,4968 3597,5040 2224,5040"/>
            <TextEquiv>
                <Unicode></Unicode>
            </TextEquiv>
        </TextRegion>
        <TextRegion id="tr_1761395238" custom="readingOrder {index:8;}">
            <Coords points="315,5097 1983,5097 1983,5464 315,5464"/>
            <TextLine id="tr_1761395238_tl_1" custom="readingOrder {index:0;}">
                <Coords points="453,5154 1970,5131 1970,5181 453,5204"/>
                <Baseline points="453,5199 537,5193 626,5187 716,5193 805,5187 895,5187 985,5187 1074,5187 1164,5187 1253,5187 1343,5187 1432,5181 1522,5181 1611,5181 1701,5181 1791,5176 1880,5176 1970,5176"/>
                <TextEquiv>
                    <Unicode>Nneve cucharitas de agua hervida mezclada</Unicode>
                </TextEquiv>
            </TextLine>
            <TextLine id="tr_1761395238_tl_2" custom="readingOrder {index:1;}">
                <Coords points="388,5226 1976,5202 1976,5252 388,5276"/>
                <Baseline points="388,5271 453,5265 543,5265 632,5265 722,5265 811,5265 901,5265 991,5265 1080,5259 1170,5259 1259,5259 1349,5259 1438,5259 1528,5259 1617,5253 1707,5253 1796,5253 1886,5247 1976,5247"/>
                <TextEquiv>
                    <Unicode>con dos cucharitas de Harina Lacteada</Unicode>
                </TextEquiv>
            </TextLine>
            <TextLine id="tr_1761395238_tl_3" custom="readingOrder {index:2;}">
                <Coords points="382,5298 1976,5280 1976,5330 382,5348"/>
                <Baseline points="382,5343 453,5343 543,5343 632,5343 722,5343 811,5337 901,5337 991,5337 1080,5337 1170,5337 1259,5331 1349,5337 1438,5331 1528,5331 1617,5331 1707,5331 1796,5331 1886,5325 1976,5325"/>
                <TextEquiv>
                    <Unicode>Nestlo es suficiente para una comida de un</Unicode>
                </TextEquiv>
            </TextLine>
            <TextLine id="tr_1761395238_tl_4" custom="readingOrder {index:3;}">
                <Coords points="370,5375 1570,5363 1570,5413 370,5425"/>
                <Baseline points="370,5420 405,5420 495,5420 585,5420 674,5414 764,5414 853,5414 943,5414 1032,5408 1122,5408 1211,5408 1301,5408 1391,5408 1480,5408 1570,5408"/>
                <TextEquiv>
                    <Unicode>niño de tres á cuatro meses de edad.</Unicode>
                </TextEquiv>
            </TextLine>
            <TextEquiv>
                <Unicode></Unicode>
            </TextEquiv>
        </TextRegion>
        <TextRegion id="tr_1761395236" custom="readingOrder {index:9;}">
            <Coords points="1996,5069 3707,5069 3707,5443 1996,5443"/>
            <TextLine id="tr_1761395236_tl_1" custom="readingOrder {index:0;}">
                <Coords points="2125,5131 3641,5101 3641,5151 2125,5181"/>
                <Baseline points="2125,5176 2208,5170 2298,5170 2388,5170 2477,5170 2567,5164 2656,5164 2746,5164 2835,5164 2925,5158 3014,5158 3104,5158 3193,5152 3283,5152 3373,5152 3462,5152 3552,5146 3641,5146"/>
                <TextEquiv>
                    <Unicode>Una cucharada y media de Harina Lac-</Unicode>
                </TextEquiv>
            </TextLine>
            <TextLine id="tr_1761395236_tl_2" custom="readingOrder {index:1;}">
                <Coords points="2053,5202 3623,5172 3623,5222 3444,5234 2053,5252"/>
                <Baseline points="2053,5247 2101,5247 2190,5247 2280,5247 2370,5247 2459,5241 2549,5241 2638,5241 2728,5235 2817,5235 2907,5235 2996,5235 3086,5229 3176,5229 3265,5229 3355,5229 3444,5229 3534,5223 3623,5217"/>
                <TextEquiv>
                    <Unicode>tenda Nestle mezclada con cuatro cucha¬</Unicode>
                </TextEquiv>
            </TextLine>
            <TextLine id="tr_1761395236_tl_3" custom="readingOrder {index:2;}">
                <Coords points="2053,5280 3635,5250 3635,5300 3456,5312 2053,5330"/>
                <Baseline points="2053,5325 2113,5325 2202,5319 2292,5319 2382,5319 2471,5319 2561,5313 2650,5307 2740,5307 2829,5307 2919,5307 3008,5307 3098,5307 3187,5301 3277,5307 3367,5301 3456,5307 3546,5301 3635,5295"/>
                <TextEquiv>
                    <Unicode>radas de agua hervida, es bastante para una</Unicode>
                </TextEquiv>
            </TextLine>
            <TextLine id="tr_1761395236_tl_4" custom="readingOrder {index:3;}">
                <Coords points="2053,5351 3498,5339 3498,5389 2053,5401"/>
                <Baseline points="2053,5396 2065,5396 2155,5396 2244,5396 2334,5390 2423,5390 2513,5390 2602,5390 2692,5384 2782,5384 2871,5384 2961,5384 3050,5384 3140,5378 3229,5378 3319,5378 3408,5378 3498,5384"/>
                <TextEquiv>
                    <Unicode>comida de un niño de siete hasta doce meses.</Unicode>
                </TextEquiv>
            </TextLine>
            <TextEquiv>
                <Unicode></Unicode>
            </TextEquiv>
        </TextRegion>
    </Page>
</PcGts>
