3969 6186
495 558 1851 620 THE MARY J. JONSTON
794 653 1570 709 MEMORIAL MOSPITAL.
776 820 1606 882 Continación de la página 179
364 910 1952 972 nada faltas hácia el lado que mira á la her¬
370 987 1928 1055 mosísima bahía de Manila, húllanse grandes
364 1071 1958 1127 espacioso deparlamentos para mujeres y niños
364 1143 1952 1205 de ambos sexos que se saturan de las brisas
352 1220 1946 1276 del mar; existen i ualmente departamentos para
364 1292 1946 1348 enfermas de pago; farinacia, una cómoda y bien
364 1364 1946 1426 dispuesta cocina, sala de operaciones, sala de
370 1441 1946 1497 esterelización, alcobas para la directora y para
370 1519 1946 1581 las purses enfermeras, sala de visitas, bal¬
364 1597 1946 1653 conajes, ete. todas las cuales hacen de este edi¬
364 1674 1450 1730 ficio una adecuada casa de salud,
447 1740 1952 1802 Se admiten tan solo en este Hospital para
364 1817 1940 1879 ser aloiados y curados gratuitamente á mujeres
382 1895 1958 1963 y niños; pero eso no quita que el dispensario
364 1967 1958 2023 esté abierto todos los días y tienda con gran
376 2050 1958 2100 esmero á todos los que van, que son muchos,
364 2122 1958 2178 hombres, muieres y niños de todas las clases
364 2194 1958 2256 sociales, evacuando las consultas de sus en¬
370 2265 1946 2327 fermedades y suministrándoles gralis las me¬
370 2349 1516 2399 dicinas que á cada cual convengan
459 2421 1964 2482 Una limpieza y un óiden muy agradables
364 2492 1934 2554 so observan hasta en los últimos detalles y
364 2576 1964 2632 hasta en los últimos rincones del Hostal
352 2647 1964 2715 Marn J. Jolston, y desde la Directora
376 2719 1958 2775 —Médica hasta las últimas enfermeras, todas
364 2791 1952 2853 son mujeres: alli no se ven má que dos hom¬
364 2874 1958 2924 bres los crindos encargados única y exclusiva¬
370 2946 1827 3014 mente de la limpieza del establecimiento.
447 3024 1958 3080 Cuando Manila fué invalida por el cólera¬
364 3101 1958 3151 morbo, viéndose las autoridades sanitarias en
364 3173 1964 3229 la imperiosa necesidad de levantar hospitales en
352 3245 1946 3306 sitios inadecuados, este establecimiento de ca¬
364 3328 1964 3378 ridad, expontáneamente ofrecció el uso de sus
364 3400 1982 3456 departamentos á los atacados de tan terrible
364 3471 1958 3527 mal, con lo que se conquistó un glorioso nom¬
370 3549 1731 3599 bre y simpatízadoras sinceras y perennes.
447 3621 1958 3677 Uno de los objetos más importantes de este
364 3692 1958 3748 Hospitales enseñar á estudiosas y honradas jó¬
364 3770 1952 3826 venes filipinas la dificil pero meritísima mision.
364 3836 1958 3898 de enfermeras. No es un secreto para nadie
364 3919 1964 3975 que los casi milagrosos óxitos que alcanzan la
364 3997 1946 4053 Medicina y la Cirugía no sólo se deben al
364 4069 1958 4125 acierto del médico, sino tambien á la inteli¬
370 4146 1946 4202 gente, esmerada y constante asistencia de las en¬
364 4218 1952 4274 fermeras que poseen completa y sólida instrue¬
364 4295 1952 4351 ción teórico-práctica para cumplir conveniente¬
382 4367 1021 4423 mente su cometido.
447 4445 1958 4501 Los propagandistas evangélicos son los que se en¬
364 4516 1952 4578 cargande buscar en provincias las jóvenes que
382 4594 1958 4650 quieran dedicarse al estudio de la profesion de en¬
364 4666 1958 4722 fermeras, y tan luego llegan á adquirir los conoci¬
370 4737 1946 4793 mientos necesarios, se les expide el título opor¬
382 4821 1946 4877 tuno, y entonces podran regresar á sus pueblos,
376 4887 1964 4943 para difundir entre sus compatriotas un saber
364 4970 1958 5026 tan imprescindible para la humanidad doliente.
453 5185 1958 5241 Alimentar á los niños con la HARINA
2036 534 3642 608 Antes, no tenía la mujer filipina oportunidad
2054 611 3648 691 para nprender teórica y practicamente las más
2036 677 3630 757 simples y rudimentarias lecciones para cuidat en¬
2036 761 3636 834 fermos; ahora se les ha abierto un nuevo campo¬
2042 832 3636 906 á su celo y actividad, y es de esperar funda¬
2054 910 3648 984 damente que tan beneméritas enfermeras serán
2054 982 3624 1061 factor importante para el desenvolvimiento de
2036 1059 3630 1127 la raza filipina. Existen actualmente quince
2042 1131 3630 1217 jóvenes filipinas que estudian la profesion de
2036 1208 3624 1288 merses en dicha hospital bajo la docta direc¬
2036 1280 3624 1354 ción de la eminente médica Mise Rebecca Pa¬
2036 1364 3630 1432 rish, á quien ayudan las nurses graduadas
2054 1453 3636 1515 Mies Gertrade Diersbach y Miss Rose Duddley,
2036 1537 2651 1587 americanas ambas.
2101 1591 3600 1653 The Mary J. Johnston Memorial Hospital
2036 1668 3636 1736 es espléndida donación de Mr S. B. Johnston,
2036 1740 3636 1808 de St. Paul, Minnesota E U. de A, con el
2036 1811 3654 1879 fin de honrar la memoria de su difunta es¬
2048 1889 3630 1969 posa, que en vida fué una señora muy cari¬
2036 1961 3636 2035 tativa y de sentimientos muy cristianos, dona¬
2048 2032 3624 2106 ción generosísima al pueblo filipino que con¬
2054 2116 3630 2190 tituve un vivificante ejemplo á nuestros ricos
2036 2194 3648 2262 de la mejor y más adecuada aplicación de la
2036 2277 3158 2339 fortuna que Dos les ha concedido.
2107 2343 3624 2411 Fué inaugurado este hospital el 18 de Agosto
2054 2415 3636 2488 de 1909, y desde entonces hasta el 10 de Di¬
2060 2498 3618 2560 ciembre del mismo año, hanse distribuidos
2048 2582 3200 2632 sus beneficios en la forma siguiente:
2036 2653 3325 2709 Enfermos tratados en el hospital
2048 2725 3367 2781 Asistencias á las casasde filipinos nativos
3445 2791 3630 2847 1844
2054 2797 3379 2859 Operaciones quirúrgicas llevadas á cabo
2048 2868 3624 2936 Recetas despachadas — 30.700
2095 2946 3636 3014 Se ha observado que se despachan diaria¬
2036 3030 2985 3086 mente de SO á 1000 recetas.
2125 3107 2967 3163 Todo ollo gratuitamente.
2125 3173 3618 3241 Ahora, vamos á detallar el costo de esta fun¬
2048 3251 3254 3312 dación altamente benefica, en dollars.
2054 3316 3636 3390 Costo del terreno que ocupa el Ilospital 1 750
2054 3388 3630 3456 Costo de la construcción del edificio. . 12000
2048 3483 3451 3539 Dique contra las olas.--- y
2042 3543 3630 3617 Mobiliarios y menajes — —  1000
3051 3692 3290 3748 Total
3373 3692 3648 3748 15.450
2107 3776 3624 3832 Además se trata de adquirir un vehículo en¬
2048 3842 3630 3916 ganchado, por valor de unos 3245 y se ha presu¬
2042 3919 3630 3993 puestado 5150000 para las necesidades del Hos¬
2054 4003 3636 4065 pital y 1500 para aumentar y reforzar el muro de
2036 4080 3505 4136 contensión contra los embates de las olas,
2107 4140 3630 4208 Se mantiene el Hospital de donativos y limos¬
2024 4230 3648 4280 nas de personas caritativas que deseamos sean
2036 4301 3630 4351 las más numerosas posibles para que con la
2036 4379 3624 4441 aburdancia de sus recursos pueda extender y
2036 4445 3176 4501 multiplicar su acción filantrófica.
2119 4522 3630 4590 Se nos olvidaba decir que el Hospital
2036 4600 3642 4650 Marru 3 Jonston cuenta con cuarenta ca¬
2042 4684 3624 4740 más para emiermas pobres y 4 camas de pago.
2119 4749 3642 4799 Hacemos fervientes votos para que el Dios de las
2036 4821 3630 4877 Misericordias haga llover sobre el donante
2024 4893 3630 4954 sus bendiciones, y que el mencionado hospi¬
2042 4976 3481 5032 tal permanezca prospera y lleno de vida.
2119 5167 3624 5229 Desde que se ha conocido la HARINA LAC
519 390 680 452 180
1731 355 2227 428 FILIPINAS"
364 5281 1958 5349 LACTEADA NESTLE es conser¬
370 5394 1092 5450 varlo sanos y robustos.
2042 5275 3630 5343 TEADA NESTLE, la mortalidad de los niños ha
2030 5388 3039 5444 disminido considerablemento.
