4011 6146
1652 318 2166 398 FILIPINAS"
3305 336 3454 392 181
280 515 1927 577 para
614 677 1640 732 SECCION LITERARIA
298 832 1909 888 ada
1987 515 3586 571 at
2136 665 3436 727 UNA CIDAD DE SUENOS
1981 820 3586 876 saaaa
578 939 1670 1001 LA POESIA DEL IOGAR DOMESTICO
399 1040 1927 1090 No es tan solo la poesía aquel ravo de luz
310 1112 1903 1162 que ilumina la mente del que hace versos.
328 1184 1915 1252 Bajo diversas formas la encontraríamos en el
328 1261 1915 1323 mundo, y varias veces no nos apercibimos de
316 1345 1593 1395 élla aunque siempre vive entre nosotras.
369 1416 1915 1478 La poesín es la compañera inseparable de
310 1488 1897 1544 la muier y la que embellece el hogar domes¬
310 1566 1921 1616 tico. Toda mujer que cuida de embellecer su
322 1643 1927 1693 casa y hacer dichosa á su f milia tiene un
298 1715 1915 1771 alma poética sin que por esto dejen sus ocu¬
340 1792 1885 1848 paciones fuera del hogar, como asistirse en ofi
310 1864 1921 1920 cinas, en clases, ú otras por el estilo, ora para
328 1942 1921 1992 ganar honradamente un modesto salario, ora
340 2013 1927 2075 para llenar el va-to campo del pensamiento
316 2091 1211 2147 en estudios avanzados, ete.
405 2156 1927 2218 La mujer que la posee es hermana del per¬
322 2234 1909 2290 samiento y la poesía en ella es la blanca y
340 2311 1927 2379 perfumada flor que brota en el corazón; cuando
322 2377 1921 2445 este y las demás flores del alma hayan sido
298 2467 1933 2517 ngotados por el huracan del dolor, la poesía
328 2544 1927 2594 desplegn en corola más hermosa que núnca,
328 2610 1927 2666 forma parte del lenitivo en la hiel de los pe¬
322 2687 1927 2743 sares y alienta al pensamiento y al corazón
328 2765 1634 2821 sobrellevar las viscisitudes de la vida,
405 2837 1933 2893 La esfera de la mujer es á muy desarrollada,
328 2908 1927 2964 hoy día, varias ocupan diferentes puestos en
346 2986 1927 3042 la vida social. Estas mujeres que dan realce
298 3057 1915 3113 á su sexo, naturalmente, no faltan contrarieda¬
340 3135 1921 3191 des y disgnstes con sus discipulas, colegas con¬
328 3212 1927 3262 discipulas, etc., no obstante, todo se disipa al
346 3284 1933 3340 llegar en su hogar; es como el caminente en
310 3356 1939 3412 el desierto que encuentra un pásis después del
334 3433 1927 3489 largo travecto y bajo su sombra mitiga sus
340 3505 1927 3561 fatigas, asi también la mujer social, al llegar
352 3582 1939 3638 en sus hogar, todas aquellas contrariedades se
352 3660 1927 3710 disipa, viendo en él á los séres queridos que
352 3732 1855 3788 saben apreciar y mitigar lo que ha sufrido.
417 3809 1945 3865 La ocupación continua es la que conserva la
334 3881 1927 3937 tranquilidad en el espíritu de la mujer, la que
346 3952 1939 4008 trae una grata calma, y esa alegría igual y
340 4030 1945 4086 dulce que nace de la quietud del ánimo; más
334 4102 1939 4158 el ocio es su cruel enemigo, porque envicia
340 4185 1945 4235 su corazón, embota su entendimiento, hiela su¬
358 4257 1688 4313 alma y adormece sus buenos instintos.
435 4328 1939 4384 Todo lo bueno es poético y bello, y la mujer
346 4400 1951 4456 na recibido de la naturaleza la misión de sem¬
358 4477 1957 4533 brar con flores los eriales de la vida; para que
346 4555 1957 4611 esta se cumpla es preciso que desde muy tierna
363 4627 1957 4701 y temprana edad se procure elevar su enten¬
817 4722 1539 4784 Termina en la página 182
429 4913 1951 4981 Jovenes, quién de vosotros no es capaz de
346 5026 1951 5076 mayor sacrificio por conservar su inventud y vigor
358 5134 1951 5184 Ninguno. Pues bien; sin ningún sacrificio y sólo to¬
352 5235 1951 5291 mando bizcochos de LA FORTUNA podeis conservaros
322 5355 1432 5405 siempre jóvenes, fuertes y alegres.
2022 5337 3120 5393 fabricados bizcochos de LA FOTUNA.
1998 927 3592 989 LOS NUEVOS PROGRESOS DE GUANAJUA-
2237 999 3484 1055 INO DE LOS DISTRITOS MINE
2207 1082 3365 1138 ROS MAS RICOS DEL MUNDO.
2339 1231 3216 1287 LA SRA. PETER M. MES.
2571 1321 3001 1383 Continación.
2052 1416 3586 1472 El abastecimiento de agua de la ciudad se
1998 1488 3586 1550 hace por medio de dos grandes estanques. Uno.
1981 1560 3592 1622 más allá de la Iglesia de Valenciana sobre la
1992 1631 3580 1699 montaña, abastece las casas y las fuentes pú¬
1992 1709 3586 1771 blicas. La represa construida á través de este
1998 1780 3592 1842 estanque en una obra de calicanto, maciza, ar¬
1992 1852 3574 1920 tística, que forma á la vez un puente esplén¬
1987 1936 3580 1997 dido para ir á las colinas y á las campiñas que
1992 2007 3586 2069 se extienden más allá. Era aquí en donde se
2004 2091 3592 2147 saba celebrar la fiesta del día de San Juan.
2010 2156 3586 2224 En este día, Junio 24, se supone que cada uno
1992 2234 3592 2296 en México debe bañarse. Las casas de baños
1992 2311 3592 2367 en México están decoradas, muchas de ellas
2010 2383 3598 2445 tienen Orquesta. Se abren á las cuatro de la
2010 2461 3586 2523 mañana, y es un largo día de aseo y de rego¬
1998 2538 3580 2594 cijo: á lo menos está designado para serlo.
1992 2604 3586 2666 Guanajuato lo celebraba abriendo las compuer¬
1992 2681 3586 2743 tas de este dique y dejando entrar á él las
2010 2753 3586 2821 nguas del lago. En esa época, dichas compuer¬
2004 2831 3615 2893 tas eran de madera, y los prisioneros condenados
1998 2902 3586 2964 á muerte eran elegidos para abrirlas. Natu¬
2010 2980 3598 3042 ralmente fué esta una de las operaciones más
2004 3063 3598 3125 peligrosas y pocos escapaban con vida, pero los
2004 3135 3257 3203 que lo lograban, recobraban su libertad.
2076 3207 3604 3262 Y fué de este modo como el lugar se llamó La
2004 3284 3604 3340 Presa de Esperanza. Era simplemente una
2010 3356 3592 3418 vaga esperanza que se ofrecía á los condenados,
2034 3421 3586 3495 pero la vida les era cara, aun á ellos mis¬
2016 3505 3592 3561 mos, y batallaban furiosamente con las aguas
2004 3570 3586 3644 por la libertad y por la vida. Los nativos ve¬
1992 3654 3598 3716 nía de grandes distancias para nsistir á esta
2022 3726 3580 3782 fiesta, y las multitudes se agrupaban en con¬
2016 3803 3598 3865 torno para presenciar el "sport, el que hacía
2004 3875 3604 3931 competencia con las corridas de toros y otras
2010 3946 3598 4008 diversionos nálogas, por las cuales la sangre
2016 4024 3610 4080 de sus antepasados antecas y españoles les había
2016 4084 3592 4158 imbuido un instinto de predilección. Raro port
2022 4167 3598 4235 ha debido ser éste, y un modo demasiado tosco
2016 4245 3610 4307 y realístico de celobrar el nacimiento de San
2016 4328 2506 4384 Juan Bantista.
2100 4400 3615 4456 El otro estanque queda en el extremo opuesto
2010 4472 3621 4527 de la ciudad. La llaman La Presta, y es una
2010 4555 3621 4611 graciosa combinación de curvas, arcos, laguitos,
2034 4615 3615 4677 altas murallas, terrazas, flores, fuentes y calle¬
2016 4698 3615 4760 joncillos sombreados. Es un sitio delicioso para
2034 4764 3610 4838 pasar las horas desocupadas, y con el sol pene¬
2040 4841 3604 4903 trando al través de las bojas y los pájaros can¬
2458 4913 3180 4975 Termina en la página 182
2076 5056 3610 5112 Madres, ¿quereis criar á vuestros hijos sanos y
2034 5152 3615 5202 robustos para que en el día de mañana sean dignos
2034 5247 3621 5303 apoyos de la Pátria querida? Alimentadlos con los
