3955 6073
513 349 680 399 182
1773 307 2275 387 FILIPINAS"
2943 546 3493 608 GRAN SURTIDO EN
1654 564 2424 620 BAZAR
573 576 1104 626 ABANICOS
2931 635 3505 697 Penta ca
519 665 1182 721 PA ABACOS
2926 725 3517 793 y sin per
1457 743 2585 799 LA PUERIA DEL SOL
597 749 1086 811 Sombre.
2866 814 3576 882 Crepes-POSITO
603 826 1110 882 COSITOTOS
1719 898 2364 954 49 Escolta 49
3057 898 3379 960 y RIO
465 928 1230 978 HITOSATROONES
764 1149 1636 1199 Una Ciudad de Suenos
2376 1131 3391 1187 Seccion Literaria
776 1292 1618 1348 Continuación de la página 181
406 1376 1994 1438 tando arriba, se pueden contemplar torrentes de
394 1447 1988 1515 color que se desprenden de las veredas mon-
400 1531 1994 1587 añosas al cuer la tarde—peones que regresan de
412 1609 1988 1671 su trabajo en las minas llevando cada uno un
412 1686 2000 1754 poncho brillante y el siempre pintoresco sombrero.
489 1746 1988 1814 Hidalgo nació en Gnanajuato, y en el hermo¬
406 1830 1988 1891 so parque de La Presa se alza una espléndida
406 1907 1982 1963 estatua de él; el Jorge Washington de Mexico.
418 1979 1988 2035 Vivió en San Felipe de 1792 á 1798, y una
400 2050 2006 2112 lápida allí dice la historia de este amado patrio¬
406 2128 2000 2190 ta que fué condenado á muerte en Chihuahua¬
400 2200 1988 2262 en 1811 y su cabeza llevada á Guanajuato y col¬
412 2277 1988 2357 gada en la esquina de Alhondigna y Graniditas:
406 2349 1994 2417 el odioso gancho que sirvió para ello so ve hoy
406 2427 2012 2489 todavía en el edificio. Si Hidalgo hubiese po¬
406 2498 2012 2560 dido saber cómo, después de los años sería re¬
418 2576 2000 2638 verenciado y honrado, quizás habría considerado
412 2654 2000 2710 esto como compensación completa por la pérdida
406 2725 2012 2787 de su vida; ó tal vez no le habría importado
435 2797 2012 2877 perderla luchando por ayudar al pueblo que du¬
435 2875 2018 2942 rante su vida amó y trató de levantar. Si pu¬
418 2952 2012 3014 diese mirar hácia atras ahora, sería infinita su¬
418 3024 2018 3086 satisfacción al saber cuánto bueno hizo por su¬
423 3113 674 3175 pueblo.
471 3179 2006 3235 Los cargadores de agua añaden mucho de
418 3251 2000 3307 priginalidad á Guanainato, Muchos de ellos son
418 3322 2012 3384 mujeres y muchachas, que llevan grandes vasijas
418 3400 2006 3456 da barro cocido en la cabeza ó en los hombros.
412 3466 2030 3534 de una manera orientalmete graciosa, y cuando
418 3555 2000 3611 se reunen al rededor de una antigua fuente.
406 3621 2024 3683 ofrecen un cundro delicioso. En La Presa tres¬
418 3687 2006 3755 de estas pintorescas cargueras, con los pies des¬
418 3770 2012 3832 calzos, llegaban todas las tardes á llenar sus
429 3842 2006 3904 vasijas, generalmento riendo á carcajadas tante
423 3920 2024 3976 á la venida como al regreso. Ambicioné per¬
429 3991 2030 4065 petuarlas con unn camira fotográfica, pero se
429 4069 2030 4137 presentaban siempre ya demasiado tarde para
418 4141 2024 4196 la luz, y todo lo que pude sorprender fué una
429 4218 2030 4280 sonrisa y unas buenas tardes, aunque en mi¬
429 4290 2012 4352 memoria consoryaré siempre el retrato de estas
429 4361 2030 4423 tros mujeres de tez morena y su graciosa postura
418 4445 2030 4501 sosteniendo las vasias, la cual resaltaba sobre
441 4517 2024 4579 el fondo medio oscurecido del firinamento.
429 4594 2024 4650 á medida que una tras otra cruzaban la vicia
435 4672 1045 4728 terraza de piedra.
519 4738 2024 4800 El Panteón, es uno de los más interesantes
429 4803 2042 4871 de su clase en México, y vale bien la pena de vi¬
429 4887 2042 4955 sitarlo, nunque sen solamente para contemplar
429 4959 2036 5027 desde él el panorama de la ciudad. Se alza ar¬
441 5036 2024 5098 riba, en la montaña, y nadie puede traspasar las
459 5114 2030 5182 puertas de entrada sin permiso del guarda. En
441 5186 2024 5247 el contorno interior, y extendiéndose hasta la
441 5257 2030 5325 cúspide del muro, bay lugares destinados para
429 5341 2036 5397 el ontierro de cadáveres, semciantes á particiones
2107 3818 3003 3880 Tamboanga 5 de Sept. 1909.
2436 1244 3284 1306 Continuación de la página 181
2078 1322 3678 1396 dimiento, enseñarla el amor de lo bello en lo¬
2072 1406 3660 1479 moral, en lo físico y hasta en lo intellectual.
2143 1477 3654 1551 El horar sin poesía es para el espíritu fuerte.
2084 1549 3648 1623 una carcel mezquina y helada, no obstante, si
2078 1627 3672 1700 la mujer sabe embellecerlo, es el oásis donde
2084 1698 3660 1778 crecen palmeras y flores, donde el agua mur¬
2078 1776 3678 1844 mura dulcemente, donde el alma reposa de las
2078 1865 3087 1921 luchas y dolores de la vida.
2149 1937 3654 1999 En las fiestas más espléndidas del mundo.
2078 2003 3678 2071 sería muy raro que no vuelva al hogar con¬
2078 2080 3654 2154 el cuerpo y espíritu igualmente fatigados: más.
2090 2146 3660 2226 en la dulce tranquilidad del hogar, jamás es¬
2084 2224 3678 2304 tará sola: los muebles, cuadros que represen¬
2095 2301 3672 2375 tan paisajes preciosos, periódicos, revistas, como
2084 2373 3678 2453 la que tenemos hoy exclusivamente para nues¬
2095 2457 3672 2530 tro sexol un instrumento que desliz en los
2090 2522 3672 2602 oidos los sentimientos de la música, un pa¬
2090 2600 3672 2674 rito enjaulado que deja de vez en cuando oir
2101 2689 3666 2751 sus trinos, el ramo de flores que da perfume.
2090 2755 3678 2823 todos estos objetos son y con razón otras tantas¬
2090 2833 3672 2901 amigas que nos sonrien y aman; allí no ha¬
2101 2904 3690 2978 llará decepciones, envidia ni maledicencia; allf
2113 2988 3678 3056 todo es paz, calma, armonía y reposo; allí,
2090 3060 3678 3128 desde la sagrada imág᷉en que escucha los ruegos.
2101 3137 3678 3205 hasta las macetas del balcón, todo es querido,
2113 3209 3678 3277 como queremos cuanto vive de nuestros cuidados.
2173 3293 3666 3355 La mujer que no se halla bien en su hogar.
2107 3352 3684 3432 será en vano que busque la dicha en el ruido
2101 3430 3690 3504 y en las fiestas; porque en el mundo y entre¬
2107 3514 3672 3581 su más espléndido bullicio, el alma huérfana¬
2107 3579 3672 3653 está tan aislada como en las más vastas sole¬
2107 3663 3672 3731 dades, y como en los más espantosos desiertos.
3105 3746 3612 3802 ISABEL CORTEZ.
2095 3967 3684 4035 de un escritorio, pero suficientemente grandes
2113 4045 3678 4107 para contener un ataúd. Sa cobra una suma
2107 4117 3684 4185 determinada de dinero por disfrutar del derecho
2113 4188 3678 4250 perpetuo de uno de estos espacios, y asi al fin
2101 4278 3684 4334 de un tiempo especificado no se paga esta suma,
2101 4338 3690 4405 se saca el ataúd, el contenido se pone en el cor¬
2113 4421 3684 4477 redor de abajo y el espacio se alquila á alguna
2119 4487 3690 4561 otra persona. Sucede algunas veces en este sis¬
2113 4570 3684 4620 tema de exhumación, que los restos se encuentran
2119 4636 3684 4704 bien conservados, en cuyo enso, se les hace que
2125 4708 3696 4782 hagan compañía á otros de la misma especio¬
2113 4785 3696 4853 en otro corredor, y se les agrupa á todos en
2113 4863 3702 4931 este lugar subterraneo sin consideración de fa¬
2119 4935 3684 5003 milia ó antiguas amistades. Uno de estos pró¬
2125 5018 3696 5080 jimos aparece como si se hubiera muerto riendo;
2113 5090 3702 5152 otros se muestran como si apreciaran el horror
2119 5162 3708 5224 macabro de la situación, mientras que algunos
2125 5245 3708 5307 de ellos no dejan de manifestar su resentimiento.
3164 5317 3594 5367 Se Continuará
