4155 6086
1032 1160 3025 1222 REVISTA SEMANAL ILUSTRADA
340 1458 632 1520 ANO I.
1217 1279 2655 1341 Directora: CONSTANCIA POBLETE
1199 1446 2607 1508 MANILA, I. F. Viérnes 8 de Abril de 1910.
3066 1415 3472 1484 NUM. 1
1420 1607 1891 1669 A
363 1828 1801 1890 Nuestra cabaricion
429 2007 1909 2069 Hay nue convenir en que el entusiasmo, esa
286 2073 1891 2153 palabra mágica, es para todas las empresas huma¬
274 2150 1903 2218 nas, lo que el rayo aprisionado en la pila de Volta¬
274 2222 1891 2284 es para la electricidad, la fuerza que le pone en
286 2293 1891 2361 movimiento. Sin entusiasmo, nunca hubieran apro¬
274 2365 1891 2433 vechado los pueblos de los beneficios realizados
304 2443 1897 2505 por el progreso, aún cuando abunden todos los
286 2514 1694 2576 elementos y materiales necesarios para ello.
429 2586 1903 2648 Examinándolo bien, veremos á toda luz, que
292 2657 1897 2725 sin entusiasmo es muy dificil al guerrero alcanzar
274 2729 1891 2791 la victoria como lo es al explorador temerario
280 2801 1676 2880 posarse en la alta cumbre de la montaña.
435 2878 1873 2940 Impulsadas, pues, por ese poderoso imán, y
274 2944 1903 3006 tambien por el urdiente desco de presentar á
280 3009 1891 3083 nuestras lectoras una publicación más amena é
286 3081 1897 3149 interesente, hemos tenido que suspender la publi-
274 3153 1903 3227 cación de nuestro semanario por breves dias para
280 3230 1897 3298 reaparecer ahora con mas energías y con una re¬
274 3308 1903 3370 forma tal como la hemos descado, reforma que,
274 3367 1903 3441 no dudamos, será del agrado de todos cuantos vie-
274 3445 1843 3513 nen favoreciéndonos con su protección y apoyo.
423 3517 1903 3585 Somos las primeras en reconocer que la tarca
274 3594 1897 3662 á que nos hemos consagrado es árda y dificilísima,
274 3666 1903 3728 mas, si convenimos en que el entusiasmo es el
274 3737 1891 3799 agente que constituve la fuerza para allanar todas
292 3803 1903 3877 las dificultades y vencer cuantos obstáculos se
280 3881 1909 3943 oponen á su paso, preciso se hace el confesar que
274 3958 1909 4014 cuando aquel sentimiento se relleja en la mujer,
286 4030 1909 4092 en fuerza es mucho más potente que en cualquiera
292 4107 1241 4163 otra circunstancia de la vida,
435 4173 1897 4241 Está visto y probado, que con la constancia
286 4245 1903 4306 llegan á renlizarse y coronarse las empresas más
292 4328 626 4378 temerarias
435 4388 1891 4450 Por eso nosotras, al ver el interés con que es
280 4459 1891 4527 acogida nuestra humilde publicación por nuestras
280 4531 1903 4599 compatriotas, no hemos vacilado en acariciar la idea
286 4603 1897 4664 de un éxito futuro en esta labor á que hemos de¬
274 4674 1909 4736 cidido dedicar todas nuestras energías y todos
292 4746 1903 4820 nuestros esfuerzos guiadas siempre por el impres¬
292 4829 1634 4885 cindible y poderoso factor; el entusiasmo.
441 4889 1897 4957 Echese una mirada sobre todos los actos que
286 4967 1903 5028 se realizan en la vida y se notará, que para el
292 5038 1903 5106 hombre solo ó en colectividad con todo un pueblo
292 5110 1909 5178 al iniciar una empresa cualquiera, si carece de esa
292 5187 1891 5243 misteriosa fuerza, todo se vuelven díficultades y
286 5247 1891 5315 tropiezos y nunca ó rara vez, alcanzan los fines
304 5325 1909 5398 que se han propuesto, porque antes de llegar á
292 5396 1903 5476 medio camino, pierden las esperanzas, se descorazo¬
1957 1661 3591 1723 nan y todo cuanto hacen ó sale torcido ó sal¬
1963 1745 2261 1806 muy mal.
2076 1804 3591 1872 Al contrario sucede cuando se lleva el vér.
1963 1876 3603 1944 tigo del entusiasmo; no sé desanima y fija la vista
1963 1947 3585 2009 en el punto más alto de su ideal, marcha hácia
1957 2019 3585 2075 El constante y directamente, sin desviarse de la
1969 2085 3574 2153 linea recta que se ha trazado y sin pararse á des¬
1963 2162 3585 2224 cansar, y si en su progresiya marcha tropieza con¬
1957 2234 3585 2302 algun pequeño obstáculo, lo ataca vigorosamente
1969 2311 3591 2367 en su camino, diciendo: He de llegara, y llega al
1974 2383 3180 2451 fin, porque no le nasustan las caidas.
2100 2449 3585 2516 Esta es la marcha que nos hemos propuesto
1969 2526 3574 2588 seguir, y aunque tenemos la intima persuación
1974 2592 3574 2666 de que encontraremos espinas y abrojos en nues¬
1957 2669 3580 2731 tro camino no nos desalentaremos porque vamos
1969 2741 3568 2809 guiadas por esa palabra mágica, que es el entu¬
1957 2824 2249 2880 tusiasmo.
2106 2884 3574 2946 Sin ella, nadie hasta ahora ha logrado alcan¬
1969 2962 3585 3024 zar exito en ninguna de tantas manifestaciones de
1969 3039 3585 3095 la vida, lo mismo en las que se relacionan con
1963 3111 3227 3167 la ciencia, ó con los deseos humanos.
2094 3517 3585 3573 El perfume moral de la mujer bonita es el
1963 3582 3585 3650 talento y el buen tono, es decir el hábito de las
1969 3666 3037 3722 maneras clegantes y distinidas.
2100 3731 3585 3793 Las mujeres están dotadas generalmente de
1974 3791 3585 3865 una gran facilidad de asimilación gracias á esa
1957 3863 3585 3937 facultad, aún las más ignorantes adquieren rapi¬
1969 3946 3585 4008 damente conocimientos, al menos superficiales
1992 4018 3591 4086 para no hacer un mal papel entre las personas
1969 4101 2350 4157 inteligentes.
2106 4155 3591 4217 Para que el ingenio produzca, su efecto, es
1969 4233 3568 4306 preciso que brote expontáneamente, pues no hay
1969 4298 3585 4372 nada que canse tanto como esos parlanchines sem¬
1986 4376 3591 4450 piternos que quieren hacer gala de ingenio y que
1974 4453 3580 4521 son los únicos que celebran sus propias ocurrencias,
2106 4519 3585 4587 En cuanto á las buenas maneras, son tal vez
1974 4597 3591 4653 más dificiles de adanirir que el talento, si no se
1969 4668 3591 4730 ha habituado uno á ellas desde su más tierna
1969 4752 2130 4802 edad.
2106 4811 3574 4873 El buen tono se conoce en todo en la ma¬
1963 4877 3585 4945 nera de andar, que debe ser elegante, sin preten-
1969 4955 3591 5011 sión y sin rigidez, en el saludo, en la manera de
1969 5026 3585 5088 sentarse en público ó en una visita; en la ma¬
1963 5098 3603 5160 nera de llevar la ropas y en el tino de elegir
1969 5169 3597 5231 el traje apropiado para cada situación, y, por úl¬
1969 5247 3597 5303 timo, en la manera de conversar en la que se debe
1986 5325 3574 5380 poner esmero para alcanzar una dicción pura y
1980 5402 2446 5452 sin pretensión.
2297 3361 3275 3411 Talento y buen tono¬
