4061 6032
603 623 1917 703 En nor de la dilad
591 815 2054 894 A vosotras, y solo á vosotras, las que os ha¬
441 880 2060 966 llais en la primavera de la vida, en pleno flo¬
441 952 2060 1044 recer de la existencia, yan dedicadas estas líneas.
441 1018 2048 1115 Os hablan el corazón y la experiencia. La since¬
441 1095 2048 1187 ridad y la convicción profunda de los pensa¬
447 1173 2060 1259 mientos y de las ideas que voy á emitir algo
447 1233 2066 1330 valen. Así lo rreo vo que el tortuoso camino
453 1310 2048 1402 vengo cruzando, lentamente, lentamente, y sin cesar.
567 1388 2048 1474 La juventud es un periodo glorioso de la vida.
418 1460 2060 1545 Ella es depositaria de la revelación de vuestro
447 1531 2066 1617 porvenir. En ella florecen las esperanzas. Todo
430 1597 2048 1689 lo que nos rodea tiene secretos encantos y nos es
435 1686 2048 1766 grato y placenter. Todo incita á la alegría. Por
441 1746 2036 1838 eso en la juventud no se piensa más que en go¬
430 1818 1929 1910 zar. La tristeza no halla refugio en nuestro
447 1884 2048 1981 cho, que rebosa entusiasmo. h. In alegría de
441 1961 621 2011 vivir
543 2045 2036 2131 Mas, no lo olvideis, queridas jóvenes: La
430 2110 2048 2196 juventud ofrece todas las mejores oportunidades
418 2176 2048 2268 de prepararse para el futuro, y el afán de dis¬
435 2242 2036 2340 traerse y gozar y matar el tiempo, suele ser
435 2325 2048 2417 la causa de que esas oportunidades no se apro¬
418 2391 2048 2495 vechen debidamente. El egoismo suele dominar
424 2475 2048 2561 á la juventud, seducida por impulsos misteriosos
441 2535 2054 2632 y atracciones fantásticas Esas oportunidades no
441 2612 692 2674 vuelven.
573 2690 2000 2782 Yo no es digo que os hagais pesimistas
418 2750 2030 2853 atrabilíarias, y que abominis del mundo y sus
441 2827 2018 2925 pompas. Yo lo comprendo. Juventud es alegria, fe¬
418 2893 2036 2997 licidad, ensoñación. Jovas, flores, lazos, triunfos
418 2965 2030 3068 sociales... Desgraciada el alma jóven que no vea
418 3042 1343 3128 el mundo de color de rosa!
537 3120 2030 3212 Pero el secreto del éxito se encuentra sabien¬
418 3186 2018 3289 do combinar el instinto egoista, por decirlo así.
412 3263 2030 3361 con los sentimientos más delicados. Esa feliz
406 3329 2024 3433 combinación si que constituve la suprema feli¬
394 3401 2030 3504 cidad, si felicidad existe en la tierra. Imaginaos
418 3484 2018 3576 por un momento que todo os surie, que nada
394 3550 2030 3648 os falta, que teneis á vuestro alcance todo lo me
394 3621 2018 3719 necesita una jóven para triunfar en el mundo, para
412 3699 2024 3791 ser admirada, para gozar, para hacer grata la
406 3771 2030 3863 vida. Podreis ser completamente felices, y por¬
406 3842 2024 3934 mucho tiempo? Yo os aseguro que no, á menos
406 3908 2012 4006 que os animen sentimientos generosos; e seni¬
418 3986 1325 4072 buenas, amables, simpáticas.
537 4063 2000 4149 Existen tres cosas que pueden por si solas
394 4135 2018 4227 haceros agradable la existencin; la fé, la espranza y
400 4207 2018 4299 el amor. Esos tres dones son mensajeros de la paz
394 4278 2000 4364 del alma y del consuelo en la tribulación. Cultira
406 4344 2012 4442 un pensamiento y cosecharás una acción cultiva
394 4422 2030 4514 una acción, y cosecharás un habito; cultiva un
400 4505 2018 4585 hábito, y cosecharás un caracter; cultiva un en¬
406 4571 1421 4651 racter, y cosecharás tu destino.
525 4649 2006 4729 En vuestra, peregrinación por el mucho en
382 4720 2012 4800 contrareis, oh, bellas jóvenes! ocasión de conocer
400 4792 2006 4872 y tratar á otros viajeros. Estos serán vuestros amigos.
382 4864 2012 4944 La amistad es el tesoro de la vida. Hay amistades
400 4941 2000 5015 que se rompen, pero siempre dejan alguna impre¬
382 5007 2018 5093 sión en el espíritu. Nuestro caracter lleva el sello
388 5085 1988 5159 del carácter de nuestros amigos. Nuestras cuali¬
370 5144 2018 5230 dades suelen absorber las de las personas de
370 5228 1654 5302 nuestra amistad, sean buenas ó malas.
561 5294 1988 5374 Cual es el secreto de vuestra vida?—pre¬
382 5371 2000 5457 gunto en cierta ocasión Elizabet Barrett Browning
2126 2057 3744 2131 dentro de mi propio ser. De su persona emana
2138 2128 3732 2196 una atmósfera que paraliza inis sentidos espiritua¬
2138 2206 3750 2268 les y anula mi fuerza de expresión, Pero aquellos
2144 2278 3738 2340 que nos aprecian, que procuran infundirnos con¬
2126 2349 3744 2411 hianza, en vez de destruirla, aerecientan nuestras
2132 2421 3732 2483 energías para llegar al fin. En su presencia nos
2126 2493 3744 2561 sentimos fuertes, con una fortaleza casi igual á la
2126 2570 3732 2632 magnitud de las dificultades que se nos opongan.
2138 2648 3732 2704 Ab, no existe, un auxiliar, un estimulante, un
2114 2714 3726 2776 inejor cansante de alegría que u verdadero amigo!
2245 2785 3726 2847 Bien pudo decir Ciceron: Ellos parecían querer
2114 2863 3744 2919 arrancar el sol del firmamento, porque les arrebato
2120 2929 3744 2991 de la vida un amigo; pues no hemos recibido de
2114 3000 3720 3074 los dioses inmortales nada mejor ni más gratos.
2245 3084 3726 3140 La amistad es un intercambio de cunlidades es¬
2126 3162 3744 3218 pirituales, es una virtud colateral. No puede haber
2114 3233 3732 3295 amistad sin reciprocidad. No puede uno recibirlo
2114 3299 3720 3373 todo y no dar nada, y darlo todo y no recibir nada,
2126 3371 3726 3439 para experimentar el placer y la gloria del verda¬
2114 3448 2741 3504 llero compañerismo.
2251 3526 3714 3588 Yo os digo, amables jóvenes: Si tencis ami¬
2102 3598 3738 3660 gos, no vacilcis en expresarle vuestra amistad. Si
2102 3663 3720 3731 admirais á una persona, si le amais por que
2114 3741 3720 3809 no revelarselo? Si os agrada la compañía de algo
2108 3819 3720 3875 por qué no manifestarlo francamente? Ello no
2102 3878 3726 3952 cuesta nada, y puede significarlo todo para vuestro
2090 3956 2956 4024 amigo y para su amistad.
2239 4028 3708 4090 Fue preguntada una señora como se arre.
2096 4111 3708 4167 glaba para poder hallarse tan bien entre gente
2090 4165 3738 4239 le trato desagradable. Es muy sencillo, replico
2090 4237 3720 4311 lla; todo lo que hago es procurar imitar sus
2102 4308 3708 4382 malidades buenas y no prostar atención á las
2096 4386 3714 4460 desagradables. Ninguna fórmula mejor para gran¬
2078 4458 3720 4526 gearse amistad. Los que quieran tener amigos
2096 4529 3726 4603 sinceros, deber cultivar las virtudes que infunden
2090 4601 3708 4675 admiración y cariño. Si sois mezinos tacaños.
2090 4673 3696 4746 goistas nadie os apreciara; debeis cultivar la ge¬
2078 4744 3708 4818 nerosidad y la longanimidad debeis ser magun¬
2096 4822 3696 4890 nimos y tolerantes debeís tener cualidades positi¬
2090 4888 3708 4961 vas; debeis ser valientes, porque al cobarde padie
2090 4959 3696 5039 le admira. Debees confiar en vosotras misnas,
2078 5031 3708 5111 de lo contrario, nadie confíará en vosotras. Hay
2090 5103 3696 5182 que mirar alto: abrigar esperanzas, ser comuica¬
2066 5174 3696 5254 tivas, cultivar el optimismo. El pesimista es siem¬
2102 5252 2532 5308 bre repulsivo.
3296 5413 3553 5475 MAR.
1863 367 2442 423 FILIPINAS
2138 534 3786 608 n Charles Kingslev. Decidmelo para que pueda
2138 617 3595 679 hacer mi vida tan hermosa como la vuestra.
2335 677 3631 751 Yo tengo un amigo—contestó Kingsley.
2293 767 3768 823 Y no es este mismo el scereto de nuestras
2155 832 2830 882 existencias triunfales?
2293 904 3768 972 Emerson dijo: Nuestra principal aspiración
2150 976 3756 1038 en la vida es encontrar algun amigo que nos es¬
2150 1047 3762 1121 timule á bacer lo que podemos hacer. Ese es,
2155 1125 3762 1187 en efecto, el verdadero servicio y elefin de la
2150 1197 2418 1253 amistad.
2281 1268 3756 1336 Segun un escritor, algunas personas actúan
2161 1334 3744 1402 sobre nosotros como un tónico, como una estini¬
2138 1412 3762 1474 lante y fresca brisa. Nos hacen sentir cualsifuéramos
2150 1483 3762 1545 otro ser. Bajo el influjo de su presencia, podemos
2138 1555 3768 1617 decir y bacer cosas que no diriamos ni baríamos
2138 1627 3756 1695 en otras circunstancins, nos estimulan mi pen¬
2138 1698 3756 1766 samiento, vigorizan mis facultades, iluminan ini
2138 1770 3756 1838 intellecto, despertan el sentimiento de la poesía
2138 1836 3750 1910 alentro de mi y abren el caudal de mi clocuencia,
2144 1919 3750 1981 mientras otros ahogan mis entusismos, rierran
2132 1985 3750 2053 la válvula á mis espansiones y me encierran
