4115 6073
589 814 3433 920 NAS
2866 2134 3624 2190 MI TRISTEZA
2502 2343 3493 2399 Yo nunca impongo mi tristeza,
2490 2427 3367 2489 cualquiera triste puede ser.
2496 2522 3242 2572 y esto lo da naturaleza
2484 2612 3332 2668 ó la pasión de una mujer.
2484 2755 3385 2817 ¿Qué culta tiene mi cabeza
2496 2839 3332 2895 de su temprano atardecer
2502 2928 3451 2990 Mis horas tristes son belleza,
2484 3024 3409 3074 flor de mi olvido del placer
2490 3179 3630 3229 Enfermo? y el decidme enfermo,
2484 3257 3505 3319 enfermo de algo que es mortal.
2484 3340 3445 3408 de aberración, de no sé qué...
2472 3484 3553 3552 Pero yo sueño, canto y duermo;
2472 3579 3553 3641 me dona un bien mi eterno mal,
2478 3663 3391 3725 y en mi tristeza está mi fe.
2472 3943 3553 4005 Cuando en la vida hay algo triste
2472 4033 3409 4101 se hace más bella la pasión,
2490 4123 3344 4179 y en el rosal la rosa existe
2496 4224 3248 4274 por melancólica ilusión.
2490 4361 3385 4417 La inolvidable hora persiste
2472 4451 3385 4507 cuando la fija una aflicción
2490 4547 3290 4603 nadie al ocaso se resiste,
2484 4630 3427 4686 porque es la luz del corazón.
2490 4768 3553 4829 ¡Oh pobres novias, novias muertas
2472 4857 3553 4919 de un triste amor, bocas desiertas
2472 4953 3218 5009 de toda risa de cristal
2484 5096 3517 5158 Yosotras sois las novias buenas.
2484 5186 3559 5247 porque arromis de suaves penas
2472 5275 3254 5337 el corazón sentimental...
2836 5418 3559 5474 BELISARIO ROSAS.
