3982 6019
513 2534 2125 2596 relarte es muy grave y muy sério, tanto que no
507 2612 2113 2674 se lo he comunicado ni á mi mismo Director es¬
507 2689 2113 2745 piritual, y eso que le estimo y vener profunda¬
513 2755 2131 2823 mente, Sabes de qué se trata? lo adivinas por
507 2827 847 2889 lo menos?
650 2904 2113 2966 No, no; tú eres aún muy jóven y mus de
519 2970 2107 3038 tus pobres abuelos que en gloria esten y no
513 3048 2119 3110 Trían á pies juntillas que el teléfono era cosa
513 3125 859 3187 del díablo.
621 3203 2113 3253 Cuando seas mayor y te duelan un poco en
507 3269 2113 3325 el cor zoncito las penas de la vida y hayas corre¬
495 3346 2107 3402 teado algunos kilómetros más de mundo, enton¬
483 3418 2113 3474 res te será dado saber por qué vo, que soy vieja
519 3478 2125 3545 y que ya apens si como por falta de dientes,
507 3567 2125 3623 amo, sin embargo, las novedades de estos siglos,
507 3639 2125 3695 me abro un caminito de luz para mi uso parti¬
483 3716 2113 3766 cular y abjuro solememente de cuanto huela a
483 3788 2125 3844 retroceso, á misoncismo, á parnda en la via, á
531 3854 1916 3916 quictud de aguas muertas, en una palabra.
674 3919 2113 3987 Ya te estoy viendo con los ojuelos abiertos
495 3997 2113 4059 en asombr y duda de lo me te digo. Es posible
519 4075 2119 4131 e hasta llegues á pensar que tengo pactos con
525 4152 1886 4202 el Mengue y que no voy á misa siniera.
686 4218 2119 4280 Error, error, mi adorable Pepita! Yo gusto de
525 4296 2125 4346 los dirigibles Zeppelin, de los aeroplanos Wright.
525 4367 2125 4417 ó Antoinette, de las teorías de Mara, de los liquis¬
519 4439 2113 4495 miquis picológicos de Hoffding ó de Oswald Kulpe.
519 4511 2113 4567 del valor de la energía molecular según los des
495 4576 2113 4632 cubrimientos últimos de Jean Perrin, de la Wald
519 4648 2119 4710 hute ó escuela al nire libre y hasta del presu¬
537 4726 2113 4787 puesto de Lloyd-George y del que pronto van á
531 4797 2125 4853 someter á nuestra Asamblea en Basvo, y, sin em¬
531 4869 2137 4925 bargo de todo esto, yo gusto también de creer en
531 4940 2137 4996 un Sér Supremo, de leer el Kempis, hacer obras
525 5012 2125 5068 de caridad y dar, cuando no tiene ni madre, ni
537 5084 2137 5152 padre ni perro que le ladre, un poco de arroz ó
525 5155 2137 5211 un beso del corazón á un pobre haraposo y sucio¬
662 5227 2137 5289 Imaginome, mi amadísima niña, que todo esto
537 5299 2137 5367 y mucho más que me callo, me otorgan pleno dere.
537 5370 2137 5438 cho á darte algunos consejos sobre casos y cosas
1397 898 2113 960 Pudor mal comprendido
501 999 1110 1049 Mi querida Pepita:
638 1095 2119 1145 Si mo vieses no me conocerlas. Estoy tan
495 1167 2119 1223 vicia, tan flácida y tan derrengada, que estoy in¬
525 1238 2113 1300 pirando lástima cico ne hasta á los pedruscos
501 1310 2113 1366 del arrovo. Supongo e estos detalles tristes no
501 1388 2113 1438 de barán cobrar esco á tu antigua maestra de la¬
513 1459 2113 1515 bores ni disminuirán un apice el afecto que me
513 1537 1224 1593 bas guardado de niña.
656 1603 2089 1653 Pero mira un cosa más rara: Con mía ca
519 1674 2101 1736 bellos blancos y mis temblores seniles y todo.
495 1740 2101 1802 roy sintiendo que el gusto de rida no se me ha
507 1818 2101 1868 ido, antes al contrario parece afirmarse más en
513 1895 2101 1945 ni enclenque personalidad y no sé si ú restituirme
507 1967 2101 2023 por milagros de Padre Celestial, algunos adarmes¬
513 2032 2119 2094 de buen humor para pegar hebra contigo, siquiera
513 2110 2101 2166 pistolarmente, mientras llega para mí la hora de¬
513 2182 764 2244 finitiva.
650 2259 2107 2309 Yo quiero decirte, mi querida Pepita, una
519 2331 2101 2387 pequeña confidencia qne hasta la fecha ha per
507 2397 2119 2459 manecido inédita, inconfesada. —Te sonries, niña?...
507 2462 2101 2530 Creeme que hará muy mal. Lo que voy á re¬
2179 474 3803 542 de la vida filipina, bajo la forma de cartas, que
2191 546 3803 614 iré publicando si esta arterio esclerosis de que
2179 617 3803 685 estoy enferma me da salud y tiempo para recrear
2191 689 3797 757 las horas de mi veiez con estos desahogos cordia¬
2179 761 3803 835 les. Dame la garantía de tu indulgencia, dime
2203 832 3797 900 que escuebarás complaciente á tu antigun maestra
2191 910 3797 978 que ya no puede, pomue tiene los dedos insegu¬
2197 976 3809 1043 ros y todo el cuerpo temblón, ni hacer crochet, ni
2203 1047 3803 1115 cular un pañuelito de piña, ni bordar con estam¬
2203 1119 3803 1193 bres multicolores unas zapatillas para regalárselas
2203 1191 3785 1270 á tu novio si ya lo tienes, pero que si siente ga¬
2191 1262 3803 1336 nas inuy fuertes, casi una comezón vivísima de
2191 1334 3797 1408 decire que, en la hipótesis de que havas hallado
2209 1411 3785 1479 un dulcecorazón—y perdona que traduzca la pala¬
2209 1483 3785 1551 bra inglesa, porque a mí me resulta un trabalen¬
2209 1555 3791 1635 guas cualquier idioma de más consonantes que vo¬
2209 1620 3797 1700 cules—tú no debes ponerte roja como la flor del
2203 1698 3803 1766 hibisco, que nosotros llamamos gumamela, porque
2203 1776 3803 1844 tus rubores de colegiala no tendrían, en tal caso.
2191 1847 3797 1915 ninguna razón de ser, ya que hablar de novíazgos.
2197 1919 3797 1987 cosa la más natural del mundo, no es motivo su¬
2197 1997 3779 2059 ficiente para que el rostro de una jóven se arre¬
2209 2074 3582 2136 bole con la grana de fáciles pudibundeces.
2346 2134 3785 2202 Y mira tú por dónde, Pepita de mis en¬
2191 2218 3797 2274 trañas, llego sin querer al tema de esta, como
2209 2301 3134 2351 yo, descuajaringada epistola.
2352 2361 3791 2423 Pudor! ¡pudor, oirás exclamar á todas horas,
2227 2433 3797 2483 proclamándolo como el único recurso, ó cua¬
2197 2504 3797 2560 lidad de la muier, sobre todo de la filipina.
2358 2576 3803 2638 Yo no voy á negarlo. Más aún, vo lo afirmo
2221 2653 3803 2709 ratífico con todo el peso de mis setenta años,
2215 2719 3785 2781 lan llenos de alegrías y venturas como de tris¬
2209 2791 3803 2853 tezas y contrariedades. Tastigueme Dios si miento
2209 2874 3809 2930 al decirte lo que te digo con el alma en los
2191 2946 2406 3008 labios!
2334 3036 3803 3086 Pero tú has de saber, mi inolvidable Pepita,
2233 3095 3785 3169 me si el pudor verdadero es una prenda exce¬
2209 3179 3797 3229 lente, por su valor moral y porque nos da á
2215 3245 3803 3307 las mujeres vo no sé uné suave pariencia de
2209 3316 3797 3384 rosas primaverales, el fingido, en cambio, aquel
2209 3388 3797 3462 pudor, mal entendido, remilgoso y moniil, que
2209 3466 3803 3528 os, según mis propias, observnciones, el más co¬
2209 3531 3785 3599 rriente en plaza, causagumimpresión tan desas
2215 3615 3803 3671 trosa y chocunte al ánimo, que este, aún siendo
2215 3687 3791 3742 el más tolerante en materia de critica femenina,
2215 3764 3797 3814 prescinde de toda otra consideración y se va¬
2203 3830 3809 3886 derecho á pensar y ereer que ciertos aspectos
2215 3896 3803 3957 ó manifestaciones del pudor son sencillamente á
2221 3967 3803 4029 una hipocresia refinada ó una concepción hiper¬
2215 4039 3797 4107 blica, cuando no falsa, de la pudibundez de
2203 4128 2621 4184 nuestro sexo.
2334 4194 3803 4250 Supongo que habrás asistido á fiestas, iiras
2227 4266 3797 4322 y otras reuniones honestas de la buen sociedad
2209 4337 3809 4399 blipina; supongo que no te faltan amigos, porque
2215 4415 3809 4465 no hay manera de evitarlos, sobre todo cuando
2221 4487 3809 4537 se lienen los ojos negros y los labios húmedos
2239 4558 3797 4614 rojos y la tez suavemente morena como tu
2227 4630 3809 4686 y supongo, en fin, que te han invitado alguna
2215 4696 3809 4764 de otra vez á una comida de confianza en casa
2221 4773 3296 4835 de cualquiera de tus amistades.
2352 4851 3815 4907 Pues bien, mi querida Pepita; si tú has
2215 4917 3809 4979 formado rancho aparte en esas reuniones, como
2233 4994 3815 5056 estuvieses nquejada de misantropía ó temeses
2233 5072 3821 5122 que los hombres padecieran de alguna dolencia
2221 5138 3809 5193 contagiosa; si tú, al saludarte ellos con un
2221 5215 3809 5277 apretón de manos, les has alargado solo dos dedos
2221 5281 3797 5343 o á lo sumo tres de la tuva, y si luego, te
2221 5376 3797 5426 bas ido corriendo á encerrarte en el cuarto y
603 629 1982 703 los de es¬
