4075 6032
286 611 1905 697 has nconselado á tus amigas, que la comida
286 689 1893 769 fuese de muieres solas como ciertos ejercicios es¬
304 761 1893 835 pirituales; si todo eso has hecho, has dicho ó
286 832 1905 906 bas pensado, perdóname que te diga entonces
286 910 1887 990 que no anduviste correcta, que tu noción del
292 988 1899 1056 pudor era falsa, completamente falsa, y que, sin
274 1047 1893 1127 duda, contra tu voluntad misma, has hecho
286 1125 1893 1199 creer al sexo fuerte,—y contigo las otras—que
286 1191 1875 1271 pis unas señoritas cortas de genio é incom¬
310 1274 1875 1348 prensiblemente desdeñosas para con los hombres
292 1352 1648 1420 y refractarias á la vida y cultura social.
406 1412 1881 1492 Mi querida Pepita; no huvas de la amistad
280 1477 1875 1557 sincera, ni del trato cortés y amable. Si ves
274 1555 1857 1635 pa flor de galanteria, pansela con un egra
274 1627 1875 1707 cias dicho noblemente al dadivoso. Si te ofrecen
274 1698 1875 1778 su mano en signo de amistosa cordialidadad los
274 1770 1887 1850 caballeros, dá la tuva también sin regateos ni
292 1854 1875 1928 muestras de repulsión y despego—Hay cad
274 1919 1899 1999 manita floia y como desganada que produce la
286 1991 1755 2071 impresión de un copo de algodón en rama.!
424 2063 1893 2143 Tampoco te recluvas en el cuarto de dormir
280 2140 1875 2208 de la dueña de la casa ó en el tocador de
280 2218 1869 2286 alguna de sus hijas. ¿Qué amistad ni qué re¬
274 2284 1875 2358 lación social es esa que se pretende estrechar
274 2355 1887 2429 en el encierro y la soledad? Las flores deben
274 2415 1839 2507 estar al sol y al aire para que crezcan lozanas,
286 2499 1881 2579 tú, que eres pa sampaguita del campo, menos
280 2576 1534 2638 debes amar y apetecer la obscuridad.
412 2648 1887 2722 Antes de terminar esta carta, primera de la
262 2714 1887 2788 serie, voy á advertirte una cosa: que procurres
274 2785 1887 2859 convencer á tus amigas de que es más peligroso
274 2863 1863 2937 huir del bombre que mirarlo cara á cara. La fre¬
280 2929 1875 3009 cuencia del trato anula toda conspiración en la
274 3000 1887 3080 sombra y mata los malos apetitos que la privación
274 3078 949 3140 fatalmente engendra.
412 3162 1863 3224 Y luego es tan triste eso de comer solas.
280 3215 1875 3295 solas en la mesa, como si todas, estuviéramos
280 3287 1869 3367 vindas ó huérfanas de padre y madre, y no
274 3365 1672 3439 tuviéramos un sólo hermano á la vera!...
424 3442 1875 3510 Y ahoro quédate con Dios, mi querida Pepita.
286 3502 1869 3582 Ya te escribiré otro dia sobre algo que debo tam¬
280 3586 1642 3654 bién censurar amablemente, como lo hago.
406 3657 1869 3731 No te olvides de esta pobrecita vieja, de
262 3723 1869 3797 tu antigua maestra de labores, que, por no per¬
262 3795 1893 3875 der la costumbre, se dedica en su ancianidad á
268 3866 1881 3940 regar tiestos de malvarrosa y jazmin, á cuidar un
286 3950 1881 4018 perrito muy mono y muy blanco que se llama¬
274 4016 1887 4090 Chichia y á tirarles migas de pan y palay á una
280 4087 1463 4155 decena y media de gallos y gallinas.
412 4159 1875 4239 Y como las viejas apenas si aciertan á besar.
262 4231 1887 4311 me abstengo de enviarte el beso de rúbrica para
280 4308 1564 4376 bendecirie en cambio como una madre.
400 4380 854 4442 Siempre tuva,
997 4493 1725 4561 FLORINDA LIGAYA.
1690 456 2215 530 FILIPINAS
2042 665 3559 745 LA MUJER EN LA PAMILIA
2120 815 3601 888 Animada por el deseo de ser útil á las lec-
1982 886 3613 966 foras de este simpático semanario y de cooperan
1988 964 3595 1044 en la ardun tarea emprendida por su fundador,
1988 1035 3553 1103 me he decidido á escribir una serie de artículo
1988 1107 3595 1175 sobre la misión que la mujer está llamada á dess
1976 1173 3583 1253 empeñar en el seno de la familia, es decir en el
1970 1245 3571 1324 dulce hogar, y los deberes que su condición le
1976 1322 2233 1378 impone.
2126 1394 3595 1468 Me propongo describir la vida tal como es, ó
1976 1471 3607 1545 al menos tal como á mi inteligencia se presenta,
1982 1543 3601 1617 sin trazar cuadros fantásticos á las jóvenes cuyn
1970 1609 3589 1689 existencia, comenza. Desgraciadamente, no hay
1970 1686 3601 1760 en este mundo dicha completa; y hacer creer lo
1976 1758 3583 1832 contrario, á la juventud, sería tanto como conde¬
1970 1830 3583 1904 parla á maldecir algun día su suerte y á buscar
1976 1901 3595 1975 con perjuicio propio, una felicidad que siempre
1982 1973 2550 2035 huve de nosotros.
2114 2051 3589 2125 La inocencia de la vida y la fé de la igno¬
1976 2122 3565 2190 rancia cuando por la realidad, la instrucción y
1958 2188 3589 2268 el entendimiento no se hallan en aptitud de ver
1976 2266 3583 2340 la verdad en orden á todas las cosas, suelen ser
1970 2337 2860 2405 las más funestas conseieras.
2114 2409 3589 2489 Frecuentemente sucede, que muchas mujeres
1964 2475 3583 2555 encuentran insoportable la vida estando sujetas al
1982 2558 3589 2632 vugo de la familia; y es, las más de las veces.
1976 2630 3571 2704 por falta de conocimientos y preparaciones une
1976 2702 3577 2776 debe tener para soportar con fortaleza mayor las
1976 2773 3583 2853 lversidades inevitables de la existencia. No
1964 2833 3589 2919 seria, pues, mucho mejor presentar la vida como
1958 2917 3577 2991 es, sin vanos afavios, para que nada nos sor¬
1982 2994 3577 3068 prenda durante su curso? Asi no veremos reinar
1970 3060 3571 3134 el disturbio en nuestros hogares y estaremos pre¬
1964 3126 3565 3212 venidas de antemano para cualquier adversidad
1970 3209 2896 3277 ne nos depare la existencia
2693 3293 3499 3355 ELENA MATINTIMAN.
2108 3418 3583 3492 Por cada doco envoltorios de las latas de la
1958 3484 3571 3564 HARINA LACTEADA NESTLE alimento insusti¬
2173 3747 3368 3821 Dr. Mariano A. Ganan
2723 3878 3242 3946 De 7 á 9 a. m.
2209 3902 2687 3964 CONSULTAS
2705 3950 3242 4018 De 3 á 4 p. m.
2460 4087 3075 4155 Gunao 32, Kiapo.
2090 4243 3565 4328 JOENES. ¿quién de vosotros no es capaz de
1958 4320 3565 4406 mayor sacrificio por conservar su ventud y vigor?
1964 4392 3565 4472 Ninguno. Pues bien; sin ningun sacrificio y sólo
1964 4464 3553 4543 tomando bizcochos de LA FORTUNA pleis con
1946 4529 3344 4621 servaros siempre jóvenes, fuertes y alegres.
328 4708 1809 4794 Ginica dolitolosica
573 4983 1540 5051 Francisco de quia
680 5103 1439 5165 Ciudad de Cebú, Cebú.
400 5246 1851 5320 Una cucharita de la HARINA LACTEADA
262 5324 1845 5391 NESTLE mezclada con siete cucharitas de agua
250 5395 1857 5463 hervida, es un buen alimento para un niño de
250 5473 609 5529 dos mesos.
2084 4798 3481 4872 LA PRILA FABRICA DE
2066 4965 3416 5051 BISCOCHOS Y DULCES.
2006 5103 3469 5188 PLAZA DE SANTA CRUZ, Núms, 96 y S.
2084 5270 3559 5350 MADRE, ¿quereis criar á vuestros hijos sanos
1940 5347 3553 5421 y robustos para que en el dia de mañana sean
1935 5413 3541 5493 dignos apoyos de la Pátria querida? Alimentadlos
1940 5485 3469 5571 con los fabricados bizcochos de La FORTUNA.
