4036 5980
1301 808 2112 888 LIWAYAY A nadie más
1247 880 2112 959 me á la debo dedicar este
1229 963 1724 1031 humilde trabajo.
626 1184 2100 1288 Anochecía El sol auna e oculto entre espesas
495 1256 2112 1365 nubes, brillaba todavía en el horizonte. Era un
477 1321 2094 1437 lunes, día en que se dejan oir las deliciosas
455 1399 2112 1510 notas musicales de la banda constabularia en
441 1470 2094 1568 el Jardin Botánico. En aquel momento una mu¬
501 1542 2112 1658 jer ioven, morena, de oios soñolientos y negros que
489 1614 2094 1723 tenían indefinible dulzura á la vez que de tris¬
489 1685 2106 1789 teza, de ovalado rostro y de cuerpo diminuto se
489 1763 2106 1861 hallaba sentada en uno de los bancos que están
501 1834 2094 1938 llan colocados en aquel agradable sitio. Tenía
489 1900 2088 2010 ella por compañeras dos niñas que frisaban á los
501 1978 2094 2075 cuatro años la una y la otra seis. Ambas corrían
501 2055 2112 2171 juguetonas y alegres á sualrededor, mas. Luisa, tal
501 2133 2118 2231 era el nombre de la joven permanecia impavida,
507 2240 1080 2308 triste y silenciosa.
638 2270 2106 2368 De pronto, una voz amiga la saco de su
489 2389 871 2445 abstracción.
704 2419 2112 2517 Cómo tu anní, tú que rara vez vienes á
495 2521 931 2595 estos lugares
608 2563 2118 2654 —Ile venido para ver si consigo disipar esta
501 2634 2124 2738 nube de tristeza que se apodera de mi únimo
501 2700 2124 2804 viendo la animación de la gente y la alegría que
507 2831 704 2881 reina.
608 2849 2118 2947 —Es verdad. Solo por eso puedos tú venir
501 2927 2136 3024 non; todos saben que nadie, puede llamar tu
495 3004 1635 3090 atención ni mover tus sentimientos
578 3076 2118 3174 Luisa contestó á estas palabras con una dulce
489 3183 728 3239 sonrisa
620 3213 2124 3317 —En vcidad vo no se á qué atribuir tu re¬
519 3285 2112 3376 traimiento. El Sér Supremo te ha dotado de una
501 3350 2118 3454 inteligencla poco comú, eres nuerida por todos
507 3428 2118 3520 cuantos te conocen y te rodea todo cuanto en el
513 3505 2124 3597 mundo puede hacer dichosa á una mier como tu¬
513 3571 2124 3669 Razón verdaderamente tienen de decir todos qne
501 3649 2112 3746 tienes pensamientos más altos, que eres ambicios.
626 3720 2106 3806 —Ay, querida Angela! Qué mal me juzgas
507 3786 2124 3884 No es culpa mía no poder mandar en mi cora¬
501 3858 2136 3955 zón. A veces envidio la cabaña de donde sale
513 3929 2106 4027 bendecida por sus hijos la madre de familia n es
501 4001 2118 4093 perar la barca del pescador, su inquietud por vis¬
501 4078 2130 4164 lumbrarla en el horizonte, sus gritos de alegria
489 4144 2118 4242 cuando la ve, sus transportes cuando salta si os¬
513 4216 2130 4325 perado compañero á tierra, su gozo en iirar los
525 4299 2130 4391 pescados de mil colores, vivos aún en la arena,
501 4359 2130 4457 el afán con que recogo los mas grandes y mejo¬
507 4437 2130 4528 res que tre el padre para sus hijelos, la santa
513 4514 2130 4600 legría que reina en la cabaña, alerezada para
513 4580 2130 4672 recibir á su dueño, y.., yo no puedo gozar de esos
537 4687 775 4755 placeres
728 4729 2011 4815 Mira. Luisa; incior dijeras eno quiero.
638 4801 2130 4880 —Es verdad, es verdad; no quiero: tienes ra¬
519 4902 1014 4964 zon; no quiero.
656 4944 2136 5024 Y dos lágrimas muy gruesas rodearon por las
513 5045 1181 5101 mejillas de la jóven.
656 5081 2142 5185 Podríamos penetrar nosotras en el seno de sus
531 5153 2142 5256 pensamientos? Aquellas lágrimas que, á despecho
531 5230 2148 5316 pe la voluntad, rodaban por las mejillas de Luisa
525 5296 2148 5388 nran un mar de dolores tal vez, cuya profundidad
531 5379 2148 5465 po es dado sondear al pensamiento, Angela lo com¬
1139 724 1360 786 O
2208 504 3795 595 prendió nal, y calló. Pasados algunos Instantes
2184 569 3795 667 levantó Lnisa su cabeza, encudióla con orgullo, y
2178 653 3807 733 desahogó con un prolongado suspiro si pecho;
2190 712 3807 810 derramó en torno de sí una mirada, como si qui-
2184 790 3807 882 siera recoger todo cuanto de grato y hermoso la
2184 862 3807 953 cercaba, y llamando con ademán de benevolencia
2184 933 3771 1031 á las niñas se fué á ingar con ellas, En estos in¬
2190 1005 3801 1103 tantes, padie hubiera dicho que aquel corazón en-
2190 1100 3133 1174 terraba ni somo de tristeza.
3377 1166 3664 1216 ANCIAY.
2339 1250 2834 1317 (Se rontinuará.)
2399 1411 3586 1497 Las mujeres y el premo NOBEL
2315 1578 3807 1664 Tres muieres han ganado ya el premio No¬
2184 1649 3801 1735 bel, en años diferentos, cada una en un campo
2190 1745 3210 1819 distinto de la netividad mental.
2333 1793 3801 1890 En 190 los obtuvo Mme. Curie con su es¬
2208 1870 3807 1956 poso fel químico aplastado por un vagón en plen
2184 1942 3807 2028 callel y con Becuerel por sus descubrimientos
2196 2013 3819 2099 sobre el radium. En 1095 fué adiudicado á la
2202 2085 3807 2183 Baronesa yon Suttuer, distinguida dama austriaca
2214 2163 3789 2248 por su libro Ground Arms, magnífica, contri¬
2202 2234 3801 2320 bución á la causa de la paz internacional, que
2226 2306 3807 2398 tronio profunda impresión en todo el mundo
2196 2384 3807 2469 En el último año transcurrido, precisamente en
2196 2449 3807 2541 licienibre, ha sido otorgado á Mme. Selma La¬
2196 2515 3801 2613 gerloff, escritora sucen, por el mérito literario de
2196 2592 3807 2678 de sus puluecciones. Sn colección de duentos
2196 2664 3801 2750 Esbadínovos ha sido calificada de ebri¬
2214 2742 3807 2827 llantes cundros de un optimismo septentrional,
2214 2807 3801 2899 y ha alcaazado ya varias elliciones en Suecia y
2196 2891 3813 2971 en Alemania, hacielo famosa en Europa á su
2214 2992 2434 3048 tora.
2309 3028 3819 3120 Los premios instituidos por Nobel han sido
2202 3100 3807 3191 discernidos, también en Diciembre último, á
2208 3177 3807 3263 Marconi y al Profesor Braun, de Estrasburgo, en
2202 3237 3813 3335 el campo de la Fisica; al Profesor Ostwald, de
2208 3315 3813 3406 Lcipig, en el de la Quimica; al Profesor Teo¬
2202 3392 3801 3478 aloro Koler, de Perna, en el de la Fisiologia y
2196 3458 3807 3550 la Medicina, y al Barón de Estournelles de Cons¬
2208 3529 3813 3621 lant, miembro por Francin en el Tribunal per¬
2202 3607 3789 3693 manente de la lava, conjuntamente con M
2208 3679 3819 3764 Bcerit, exministo de Estado de Bélgica, por
2208 3762 3831 3830 los servicios prestados á la cansa de la paz
2214 3858 2494 3914 mundíal.
2596 4019 3467 4087 ADVERTENCIA.
2357 4132 3813 4212 Se considerarán suberriptores de este semana¬
2208 4204 3831 4284 rio á todas aquellas personas, que, habiendo recibido
2214 4269 3825 4355 el primer número correspondiente al S del presente
2226 4347 3831 4433 po hayan devuelto á la oficina de nuestra admi¬
2226 4425 3843 4504 instración, y en tal caso se les cobrará la cuot
2208 4514 2703 4570 correspondicite
3175 4580 3706 4636 LA EMPRESA.
2327 4759 3831 4833 —En casa todos hemos salido artistas—decia
2214 4842 3360 4904 una joven vanidosa en un tertulia.
2399 4908 3837 4982 ESP—repuso uno de los asistentos con sorna
2357 4980 3801 5042 —S, señor, Mi hermano mayor escribe la letra
2208 5045 3837 5125 mi hermano menor la pone en música, y yo la
2232 5141 2405 5203 ranto.
2381 5200 3801 5256 —Faltaba un hermano.—contestó el mis so.
2399 5272 2775 5334 Para qué
2393 5344 3216 5406 —Para silbarlos á ustedes¬
1127 629 1879 691 DEDER
698 653 1038 709 LE
