4115 5992
1438 5033 2548 5089 Sria. Carmen Edano.
561 5183 3718 5256 El presente grabado con que engalanamos este número de nuestro semanario, pertenece á una
292 5254 3724 5328 de las jóvenes que más se distinguen por su cultura e ilusimción en el pueblo de Lucena, de la provincia
286 5332 3730 5406 de Tayabas donde vió la luz primera, Tiene sus dieciocho Abriles, y en la actualidad regenta el
286 5409 1879 5483 inagisterio de la escuela pública de dicho pueblo.
