4128 6019
638 611 1928 691 SECCION DE LABORES
609 808 2077 900 Hasta hoy dia, hemos observado que los ma¬
465 874 2077 972 nuales que se han publicado sobre esta materin
471 946 2083 1043 conceden demasiada importacia á la teoría, descui¬
459 1023 2083 1121 dando lamentablemente la práctica, y á corregir
465 1095 2095 1187 esta falta es por lo que hemos querido lanzar estas
465 1167 2083 1264 lineas que esperamos fuesen bien recibidas por
465 1238 2095 1336 nuestras diligentes compatriotas que se preocupan
465 1316 2083 1408 de la elegancia y distinción de sus muebles y ropa¬
477 1394 1904 1479 blanca de casa de uso particular y especial.
609 1459 2089 1551 Como la costura es entre todos los trabajos
459 1537 2095 1623 femeninos el que más ocupa y preocupa á toda
453 1603 2083 1694 ma de casa, le daremos lugar preferente en esta
465 1668 2077 1766 sección, después seguirán las demas labores útiles
471 1758 1874 1844 todas para una mujer diligente y laboriosa.
818 2050 1713 2130 PARA LOS ESOS poESTICOS.
2161 504 3791 620 hadas suelen tener 70 centimetros de largo. Par¬
2161 593 3797 685 hacer las fundas debe tomarso la medida de la
2167 665 3797 763 altura do aquella á que se destínen, y se toma
2173 737 3791 829 doble cantidad de una tela que tenga 80 centi¬
2161 832 2746 906 metros de ancho.
2304 880 3791 972 Se hacen dobladillos en ambas extremidades
2173 952 3785 1043 de unos tres ó cuatro centímetros de ancho; des¬
2179 1023 3791 1127 pués se unen las orillas á punto por encima te¬
2173 1095 3797 1193 niendo cuidado de que el dobladillo superior so¬
2173 1167 3791 1264 bresalga tres ó cuatro centimetros sobre el in¬
2179 1244 3809 1336 ferior á fin de colocar en estos botones, y en
2161 1316 3803 1408 aquel, ojales, y poderlo montar al abrocharlos.
2173 1388 3785 1485 La marca se coloca en el ángulo superior derecho.
2316 1459 3803 1539 Como las sabanas, las fundas de luo se bordan
2161 1531 3809 1623 con letras menores colocadas en el centro, ó me¬
2185 1603 3809 1694 jor aun en un ángulo, y se guarnecen con un vo¬
2179 1680 3803 1772 lante de nansú, con dobladillo á vainica, y una
2173 1746 3803 1844 puntilla al canto de almagro ú otro encaje, ó
2155 1823 3809 1915 festoneado con grandes ondas. Cuando la tela es
2167 1913 3672 1993 ordinaria es mejor no poner adorno ninguno.
603 2152 2089 2238 Ropa, de cama.—Mantelería.—Servicio de té.
453 2218 2095 2309 Ropaje de cocina.—Servicio de tocador.—Diversas
471 2313 1648 2393 aplicaciones de la ropa blanca vieja.
1027 2421 1540 2477 ROPA DE CAMA.
609 2504 2095 2590 Para el ropaje de la cama se necesitan dos
453 2582 1857 2668 cosas: Sabanas y fundas para la almohada.
609 2648 2077 2739 Sabanas.—Para confeccionar las sabanas, se
477 2731 2089 2811 requiere una tela especial, de hilo ó de algodon,
459 2791 2089 2883 fuerte y consistente y deben tener unos dos metros
471 2892 1164 2960 ó menos de longitud.
609 2940 2095 3026 Las telas que so usan para sabanas tienen
471 3006 2095 3098 diversa anchura; pero si no se encuentran del
459 3083 2101 3169 ancho necesario, deben procurar buscarse de la
465 3155 2077 3241 mitad, en cuyo caso debe comprarse doble canti¬
465 3233 2107 3313 dad á fin de que solamente tengan una costura
465 3334 889 3390 en el centro.
621 3376 2089 3462 Es necesario, cuando se hacen de dos pa¬
465 3448 2107 3528 ños, se unan éstos ú punto por encima con hilo
483 3513 2113 3599 fuerte y puntada corta y muy señida, teniendo
477 3585 2077 3671 cuidado de hilvanar bien los paños con el objeto de
489 3663 2113 3742 que no salga alguno encosido y al llegar al final
489 3728 2089 3814 esulte más corto, en cuyo cuso se tendría nece¬
477 3806 2113 3886 ridad de deshacer la lahor. Una vez terminada
495 3890 2089 3951 ra costura, se abre bien, ravándola con la uña, y
477 3949 2107 4041 le hacen dos dobladillos en las extermidades que
483 4015 2113 4107 no tienen orilla. El del embozo debe tener cinco
477 4099 2101 4172 centimetros de ancho, el del otro extremo, dos
477 4158 2113 4244 centimetros solamente. Los dobladillos deben es¬
477 4242 2113 4322 tar muy bien hechos y con puntadas menuditas.
477 4308 2107 4387 Despues de todo esto, si son sabanas, corrientes
477 4385 2119 4465 de tela ordinaría se marcan en la extremidad
477 4457 2113 4531 derecha, junto al dobladillo superior; y si son fi¬
483 4528 2107 4614 nas se bordan generalmente con letras de 10 o
489 4606 2107 4680 12 centímetros de alto, ciccutadas, á plumetis,
477 4666 2119 4752 cordoncillo, arenilla ó cualoniera de los puntos
483 4743 2119 4823 sados generalmente en el bordado, y colocadas en
477 4809 2119 4889 ol medio del embozo á unos 20 centímetros de
483 4905 1283 4967 distancia del dobladillo.
638 4952 2107 5032 Fundas de ulmohada —Generalmente las almo¬
3349 2062 3749 2118 MARGARITA.
2215 2206 2424 2262 E
2304 2301 3809 2381 La HARINA LACTEADA NESTLE es un
2167 2367 3803 2459 alimento sano y nutritivo que todas las madres
2179 2468 3260 2530 sensatas suministran á sus hijos.
2567 2725 3421 2787 Higiene y Belleza,
2316 2916 3809 2990 Los niños que erecen poco, es sobre todo por¬
2167 2982 3821 3062 la mala costumbre de fumar. Los niños que se
2179 3054 3809 3139 desea sean altos, que no fumen hasta la mayor
2173 3125 3815 3211 edad. El dormir en mala posisión retarda el cre¬
2179 3203 3803 3283 cimiento. Debe dormirse siempre en el lecho y lo
2191 3275 3803 3360 más extendido posible. En cuanto á la alimenta¬
2185 3346 3815 3420 ción, las féculas dan buenos elementos de desarrollo
2191 3412 3815 3498 al cuerpo. La bella estatura de los escoceses se
2197 3489 3815 3569 debe atribuir en gran parte á la predilección que
2185 3567 3815 3641 sienten por el oatmeal porridge, que no es otra
2191 3651 3188 3725 cosa más que harina de maiz.
2352 3704 3821 3784 Recientemente se han conseguido maravillosos
2191 3782 3821 3862 resultados para el crecimiento, aun en personas de
2209 3854 3821 3928 más de 20 años, con el empleo de una bebida
2209 3925 3815 3999 hecha con semillas de cereales. Los fosfatos na¬
2203 4015 3403 4077 turales que contienen son excelentes.
2328 4075 3809 4149 Para hacerlo se ponen á hervir 4 cuartillos
2197 4152 3809 4220 de agua, maiz, trigo, cebada en partes iguales.
2203 4218 3809 4286 Al primer hervor se quita el agua y se pone otra.
2209 4290 3809 4358 Se deja hervir un rato: se cuela después y se
2215 4367 3827 4447 pone en un frasco del cual se toma un vasito
2209 4439 3821 4507 en ayunas y otro después de cada comida. Es
2209 4522 2830 4584 saludable y bueno.
2340 4582 3821 4650 Algunas veces el desarrollo del cuerpo es
2197 4654 3815 4722 bastante irregular. Espalda encorvada, vientre des¬
2203 4726 3821 4811 proporcionado, el torax hundido, hombros encogi¬
2203 4797 3827 4865 los, ete. Además de la gimnasia, que es uno de
2185 4875 3827 4937 los medios más eficaces y puestos en boga para
2185 4940 3809 5008 el desarrollo del cuerpo humano, conviene en¬
2197 5018 3809 5098 plear tratamientos especiales en los diferentes casos.
626 5185 2107 5271 Hiérvase trece cucharadas de agua y mezclad
465 5263 2095 5343 ó ella una cucharada de HARINA LACTEADA
477 5335 2107 5414 NESTLE, sin necesidad de poner leche, es suficiente
465 5418 2030 5498 para una comida de un niño de 6 meses de edad,
2328 5251 3803 5313 No alimenteis más que con la HARINA LAC
2197 5329 3827 5385 TEADA NESTLE á vuestros hijitos si quereis
2209 5412 3111 5468 verlos robustos y hermosos.
1892 390 2442 464 FILIPINAS
