4048 6059
507 1548 811 1598 ANO II.
1355 1554 2793 1610 MANILA, I. F. Viérnes 15 de Abril de 1910.
3336 1560 3653 1622 NUM. 2
2495 1041 2835 1115 A
2907 1059 3504 1133 E
3279 1200 3635 1276 -
567 1202 3235 1270 ARIDA CIA ILUSTRADA Y
1743 1322 2250 1372 SEGUNDA EPO
2751 1333 3689 1389 Apartado de Correos N.o 775
1390 1393 2811 1461 Directora: CONSTANCIA POBLETE
429 1954 2077 2016 La abrancia en la maror
650 2271 1802 2333 La educación raciona¬
596 2515 2035 2577 ás de tres siglos han pasado en que la mujer
429 2587 2035 2649 filipina ha estado sumida en la más crasa igno¬
435 2659 2035 2721 rancia, sin one los principales responsables de su
429 2736 2035 2798 educación, los que estaban llamados á instruirla á
429 2808 2047 2864 fin de ser útil á la sociedad, hayan procurado
447 2886 2041 2941 sacarla de su letargo, subugados por la fuerza
429 2951 2035 3013 moral de osos parísitos sociales que han procu¬
435 3029 2035 3085 rado y procurah conturbar el alma y esclavizar la
429 3094 2035 3162 conciencia femenina, para que asi perinanezcan
435 3166 1611 3228 inalterables su reinado y su poderio.
579 3244 2041 3300 Pero han cambiado los tiempos, Hloy, que es¬
429 3309 2047 3371 tamos en pleno siglo de la luz y del progreso la
429 3387 2029 3449 muier filipina ha querido dar muestras también
417 3459 2035 3521 de movimiento y energía, traspasando los brales
417 3530 2035 3598 lel saber, los diferentes, conocimientos humanos
435 3608 1384 3664 de antes le ostaban vedados.
573 3673 2029 3741 Mas, los enemigos irreconciliables de la evo¬
423 3745 2041 3813 lución de nuestros pueblo, comprendiendo que esta
417 3823 2023 3885 cercano el derrumbamiento de su poder omni¬
429 3894 2035 3956 modo y sabiéndo lo que vale la influencia de la
435 3966 2035 4028 mujer, hacen esfuerzos desesperados por atror á
417 4038 2011 4100 las muieres y á los niños, que se nlejan más y
417 4115 2023 4171 más de ellos gracias á la instrucción geperal; y es
423 4181 2023 4243 urgente, por lo tanto, que nosotras, miestras com¬
423 4264 2017 4320 pañeras nos hagamos inmediatamente, misionera¬
429 4330 2023 4404 de ideas razonables, y no ser, como hasta ahora,
423 4402 2023 4464 espectadoras llorosas y resigadas del desorden
411 4473 2023 4535 social, Nuestro sitio está en medio de los que
417 4545 2011 4607 luchan por la liberación intelectual y moral de
417 4617 2041 4679 todos los humanos; los hombres solos serían im¬
429 4700 1916 4756 potentes para cumplir esta inmensa obligación.
561 4766 2029 4828 La ignorancia es la fuente y la base de casi
411 4838 2017 4893 todos los males. Todas las muieres deben saber
411 4903 2017 4965 que el pecado original que traemos al nacer es la
417 4981 2017 5037 ignorancia. Los niños de los sabios, como los de
405 5052 2023 5114 los analfábetos, nacen ignorantes, y lo que destruve
393 5130 1647 5186 su ignorancia, es la escuela, el estudio.
549 5202 2011 5264 Es preciso tener el valor do decir á esas mu¬
417 5273 2023 5335 jeres, á esas hermanas nuestras que se dejan atraer
417 5357 2029 5413 por esos parásitos sociales, que por su ignorancia.
393 5434 2017 5484 y su resignación, son las cómplices de todos los
823 5524 1593 5580 Contina en la página 2.
2184 1907 3689 1974 En dio en la amina
2698 2115 3175 2177 La Hlla
2280 2205 3754 2267 El sor útil es el fin de toda vida humana
2143 2277 3760 2339 pero, especialmente de vuestia vida, toh, jóvenes.
2143 2360 3754 2416 me estáis destinadas á ser un sostén, un apoyo,
2143 2426 3026 2476 una fuerzn para el hombre.
2280 2492 3754 2553 una hija de familia debe ser bondadosa y com¬
2154 2569 3754 2631 placiente con todos; pero esto no quita para que
2137 2647 3760 2703 su bondad, su alegría y su complacencia, consti¬
2137 2712 3754 2774 tuvan el verdadero encanto del hogar. En él, será
2143 2790 3766 2846 como flor purísima que embalsama el ambiente, y no
2125 2862 3760 2918 ramo deshoiado y roto por la primera contrariedad.
2280 2933 3754 2989 En las horas de angustia, vuestra mirada será
2125 3005 3748 3061 como brisa refrescante y acariciadora en la frente
2125 3077 3742 3127 de vuestro padre y en los días más negros bus¬
2137 3148 3754 3204 curá la madre en vuestra sonrisa un ravo de luz
2143 3226 3366 3276 que dirije las sombras del infortunio.
2268 3297 3742 3347 No hay mayor satisfacción para una jóven como
2125 3363 3742 3419 haber contribuido, no solo al bienestar de los
2125 3435 3742 3491 suvos, sino á aumentarlo en la medida de sus
2143 3506 3748 3562 fuerzas. Y esto, como esta dentro de vuestras
2143 3584 3742 3634 facultades, muy bien podeis hacerlo sin ningún
2143 3650 3748 3712 trabajo, obedeciendo tan solamente á los instin¬
2137 3721 3736 3777 tos generosos de vuestro corazón, á vuestra ter¬
2137 3793 3742 3849 ra innata, á vuestro sentimientos inaternales
2131 3864 3742 3920 apenas esbozados en vuestra alma ¡Cuán grato es
2125 3942 3742 3992 ser en el hogar deméstico, el punto luminoso há¬
2113 4008 3748 4070 cia el cual convergen todas las miradas en las
2125 4085 3742 4141 negras tormentas de la vida! Qué dicha más
2125 4157 3742 4219 grande convertirse en fresco onsis para los seres
2125 4235 3736 4285 queridos extravíados en los áridos y abrasadores
2137 4306 3110 4356 desiertos de nuestra existencia!
2274 4378 3742 4428 Mas no solamente á la familia debeis concre¬
2131 4450 3748 4505 tar vuestros esfuerzos, sino tambien para con las
2125 4509 2710 4583 personas extrañas.
2262 4593 3736 4649 Ser útil, en general, es prestarse simplemente
2125 4658 3742 4714 y en la medida que permitan el deber y las con¬
2131 4730 3742 4792 veniencias á todo lo bueno, á todo lo que puede
2113 4808 3748 4864 ser para los demás un nlívio, un apovo, una
2107 4879 3748 4929 fuerza, un consejo ó una alegría; es no ver en
2113 4951 3730 5007 torno nuestro ninguna fatiga sin procurar coni¬
2131 5029 3736 5085 partirla ó aligerarla, ningun trabajo sin prestar
2125 5094 3742 5150 nuestro concurso, ninguna empresa sin ofrecer
2125 5172 3671 5222 rooperación según nuestra fuerza y capacidad.
2256 5243 3736 5293 Una mujer podrá ser hermosa, podrá haber
2125 5315 3730 5365 recibido una instrucción brillante; si no sabe ser
2113 5387 3736 5443 útil, no tardará en perder su encanto y acabará por¬
2119 5458 3742 5520 ser un adorno vano, si no acaba por ser un estorbo.
2877 5536 3545 5586 ELENA MATINTIMAN.
