4142 6007
1767 486 2328 548 FILIPINAS
1092 1149 2012 1205 Odiemos la bagarela
376 1268 991 1324 Pepita inolvidable:
513 1388 2006 1450 En mi anterior, que yo no sé si te habrá pa¬
376 1465 2006 1515 recido ultrarroja y fuerte, hablé á tu buen juício
370 1537 2000 1587 sobre los defectos é inconveniencias á que se halla
376 1614 1994 1664 frecuentemente expuesto el pudor mal compren¬
364 1686 531 1742 dido.
513 1758 2000 1814 Importa, desde luego, que me perdones toda
358 1823 1988 1879 aspereza ó desnudez de lenguaje. Yo va voy
358 1895 1994 1951 siendo demasiado vieja y, á lo mejor, me nco¬
358 1973 1970 2023 mete un achaque de los muchos en que caigo y
364 2044 1970 2100 diario y, sin saber, causo molestias, pesares y
358 2116 1994 2172 procupaciones á mi priimo. No quisiera yo que
358 2188 1994 2238 de pusieras al nivel de los espíritus plebevos, vul¬
364 2265 1982 2321 gurotes y ruines que ven en todo, indefectible¬
346 2331 1982 2381 mente, una intención deliberada de alfilerear aje¬
346 2403 1976 2459 nas epidermis. Tú, como edu ada en este siglo de
346 2480 1988 2536 progreso, debes mirar más alto y pensar que las
358 2552 1964 2602 más nimias palabras é indicaciones de la ancia¬
346 2618 1964 2674 nidad, tienen su raigambre en las dolorosas ex¬
358 2695 1976 2751 periencias de la vida que siempre se vuelven, por
358 2767 1976 2823 yo ignoro qué milagros del acuio de la especie, ha¬
352 2839 1970 2889 cia el anhelo de evitar que nuestros su esores va¬
346 2910 1958 2966 yan á tientas por este valle de lágrimas y dejen
346 2982 1964 3044 turdigas de carne entre las piedras y zarzas del
334 3054 597 3115 camino.
483 3137 1964 3187 Por eso te he querido siempre, mi inolvidable
334 3197 1952 3259 Pepita. Cuando tú eras niña y vestías aun la tra¬
322 3269 1952 3324 dicional camisola de los parvulos, llegué á co¬
328 3340 1940 3396 brarte un curiñito tan hondo, tan maternal y tan
334 3412 1958 3474 sincero que, siempre que me obligabas á reñirte
322 3489 1946 3551 ó castigarte por tus travesuras y distracciones,
328 3555 1928 3617 experimentaba una verdadera pena y solía derra
328 3627 1946 3689 mar, á tus espaldas para que no me vieses, ese
322 3704 1946 3760 rocio del espiritu y sangre del corazón que han
310 3770 1946 3838 dado en llamar lágrimas y cuya poesía antigua
328 3842 1940 3916 han suprimido los sabios con sus manipulaciones
328 3925 621 3975 químicas.
453 3997 1928 4053 Y lá qué vienen estas historietas, preguntarás
310 4063 853 4125 indudablemente?
453 4140 1934 4196 Sirven para que mis chocheces no te sean tan
310 4212 1940 4268 molestas ni pesadas: sirven para que estas leccion¬
310 4284 1940 4340 citas de tu vieja maestra penetren en tu corazón
310 4349 1940 4417 sin la acuidad de una aguia ni lo amargo de la
310 4421 1940 4483 hiel, antes bien, sean como un insinuante rayo
316 4499 1928 4555 de luz ó una vaharada de sutil esencia que si
310 4570 1940 4632 alumbra, no quema, y si perfuma, no trastorna.
310 4642 716 4698 los sentidos.
447 4719 1922 4775 Si, aprende á leerme con paciencia. La pa¬
316 4791 1946 4841 ciencia es á veces el equivalente más próximo de
304 4863 1934 4919 la constancia, Quien da pronto acogida á la fa¬
316 4928 1928 4990 tiga ó la desesperación en su ánimo, tiene su vo-
310 5006 1916 5062 luntad propicia á las renunciaciones más tristes y
2054 2182 3140 2244 arroma deliciosamente campestre?
2239 2253 3684 2315 —¿Ah, no;—adivino que me contestas—vo la
2060 2403 2967 2459 mis dientecitos en la carne.
2077 2546 3672 2596 Y así tenía que ser, si el dese era aplacar el
2048 2695 2382 2751 al cuerpo.
2197 2761 3678 2823 Pues bien esto mismo que hacías con las
2054 2833 3678 2895 frutas, estás obligada á hacer con las demás cosas
2042 2910 2979 2972 de esta picara vida humana,
2203 2988 3678 3038 Tu visión espiritual debe atravesar la corteza
2054 3054 3666 3110 de los hechos, la periferia de todas las renlidades:
2048 3131 3672 3187 hay que meterse mundo adentro, herir la entraña
2048 3203 3660 3259 y buscar el sentido y valor de cuanto existe, nos
2048 3274 3654 3330 impresiona y circunda. No es el color, el olor
2030 3346 3660 3402 ni el sabor de las cosas lo que da alimento al¬
2030 3418 3666 3474 espiritu y le pone en condiciones de resistencia
2048 3495 3666 3551 y consistencia. El matiz rosado, la fragancia suave
2042 3561 3660 3617 y la sapidez deliciosa son puros necidentes: lo
2036 3633 3666 3689 esencial es la substancia misma, lo intrinse o, lo
2030 3704 3654 3760 que no aparece á la vista mientras quede intacta
2018 3776 2388 3838 la cáscara.
2167 3860 3648 3910 No romperla es ser frivola; pero pasar de ella,
2036 3925 3660 3981 y cuanto más hondo mejor, es poseer el secreto
2018 3991 3642 4053 de una sabiduría por los medios más natura¬
2018 4075 2537 4131 les del mundo.
2185 4140 3636 4196 Las mujeres frivolas!... ¡Oh, Pepita de mi¬
2036 4218 3630 4268 alma! Duélate alguna vez la fama que nos hemos
2030 4284 3642 4346 echado las hijas de Eva, en su inmensa mayoría.
2018 4361 3654 4411 La levenda de nuestras frivolidades corre por
2024 4427 3654 4483 toda la tierra y casi me imagino que ha llegado
2030 4505 3636 4555 al planeta Marte... Vosotras que sois jóvenes y
2024 4588 3636 4638 pertenecéis á siglos más avanzados, rectificadla y.
2018 4654 2722 4704 si podéis, suprimidla.
2179 4714 3630 4775 ¡Cómo? me preguntarás. Y vo voy á res¬
2030 4785 3636 4847 ponderte enseguida: queriendo. Acuérdate de lo
2018 4863 3630 4919 que dicen los sajones que hoy tienen en nues¬
2024 4940 3630 4990 tra casa la sartén por el mango: Where there is
2006 5006 3630 5068 a ill, there is a ay. Lo he hecho traducir á un
2089 659 3726 721 al abandono de los ideales ú obras que pueden
2089 731 3737 793 darle un empujoncito mús hacia arriba á esta hu¬
2101 808 3731 864 manidad enamorada del Bien, la Verdad y la
2089 886 2352 942 Belleza.
2233 958 3726 1008 Es preciso que desde ahora aprendas á ser
2077 1011 3720 1079 intensiva en todo. No, tu vida, que es tan her¬
2107 1095 3720 1157 mosa como lo es siempre el capullo de las flores
2077 1167 3720 1235 y la sonrisa de la mañann, no ha de tener por
2077 1244 3726 1300 modelo la banalidad del aire que roza el agua¬
2077 1310 3720 1372 de la fuente sin tocar las moléculas del fondo.
2077 1388 3702 1455 No te dan pena acaso esos corazones frivolos, su¬
2095 1459 3708 1515 perficiales y vagos que ponen toda su atención en
2083 1537 3720 1593 la periferia de las cosas, para olvidarse de la
2077 1609 3403 1670 pulpa, del meollo y de las simientes?...
2227 1674 3708 1736 Fijate, mi adorada niña, en este ejemplo tan
2089 1752 3702 1808 grífico que pongo ante tus ojos, Cuando tenías
2077 1818 3708 1873 siete años y era toda tu gloria corretear por el
2083 1895 3708 1951 huerto de casn y coger mangas y lansones que¬
2077 1967 3708 2023 hacías cuando de alguna frutá de oro conseguían
2066 2038 3696 2094 adueñarse tus manos? te contentabas con mirarla?
2066 2122 3702 2178 ¿quedabas satisfecha aspirando con fruición su¬
2060 2325 3702 2381 nitaba la cáscara y luego clavaba con avidez
2209 2480 3690 2530 Y así era en verdad, Pepita de mis entrañas.
2054 2618 3696 2674 hambre y darle algunas onzas más de substancia
525 796 1868 864 o N PES
794 5299 1546 5355 bena
1964 5299 3266 5385 al Stable
567 5478 3355 5540 Los mejores veniculos que hay en el Extremo Oriente.
1319 5597 2716 5647 Cervantes no, 380.—Telciono, 9.
