3969 5980
423 611 2017 667 sobrino mío, que va escribe hasta versos en inglés
435 683 2017 751 para su novia, y me ha dicho que eso significa.
435 754 2005 810 que dondequiera se verga una voluntad robusta.
423 832 2005 882 hay un camino hecho, abierto á las más largas
429 909 1730 971 jornadas y á las empresas más dificiles.
572 975 2011 1031 La primera ley, pues, es querer. Querer que
441 1047 2005 1103 nuestras cabecitas, no giren atontadas y locas
429 1118 2005 1180 como una grimpola, sin actitudes ciertas y defi¬
423 1178 2005 1246 nidas: querer que lo necesorio y superficial no
423 1262 2017 1317 llegue á absorber nuestra atención y robar todo
423 1339 2011 1395 nuestro tiempo puerer, en una palabra, afirmar
423 1411 1993 1461 mestro carácter y nuestra personnlidad en ocupn
423 1476 2011 1538 riones, serias y en trabajos provochosos para
435 1554 1390 1616 individuo y para la sociedad,
572 1626 1993 1682 Esto vale tanto como decir, mi norable chi¬
429 1703 2011 1759 quilla, qué tus pensamientos no deben tener la
423 1769 1987 1831 inconsistencia y la levedad del humo, la fuga
423 1840 1999 1902 ridad del aire ni el vacio de las irisadas, pero
423 1912 2005 1980 deleznables pompas de jabón. Dales alguna raz
429 1996 1993 2046 para que se agarren á la vida; proporciónales
411 2061 1987 2123 un tronco para que se eleven sobre la vulgari¬
423 2127 1981 2189 dad ambiente, y adórnales de hojas, flores y
411 2204 1999 2266 frutos para que tu próiimo pueda hallar en
423 2270 2011 2338 ellos un poco de sombra, un poco de delectación
429 2354 1969 2404 y un poco de alimento. Nada bay tan dulce
417 2413 1999 2481 consolador como saber que nuestro no se efunde
429 2491 1993 2553 y dilata en el corazón de los otros, en el alma
423 2557 1993 2624 de la humanidad, y no hay—tú lo sabrás después
423 2628 1975 2696 cuando como yo peines canas—título más alto
423 2706 1987 2768 ennoblecedor que la conciencia del bien que se
411 2783 2005 2839 ha hecho, del arroz e se ha dado al infeliz
429 2849 1993 2917 que llama á nuestras puertas y del beso con que
411 2927 1993 2989 hemos disipado las tristezas de quien no encuen¬
417 2998 1760 3060 tra una limosna de amor sobre la tierra.
560 3064 1993 3138 No te olvides de esto, mi bien amada Pepita,
423 3141 1993 3203 y si alguna amiga ó compañera intenta desviarte
399 3207 1987 3281 de la ruta que mis dedos caducos te señalan, re¬
399 3279 1987 3353 cógete en las soledades, interiores y medita por
399 3350 1975 3424 breves instantes en la inutilidad de los seres
405 3428 1987 3490 que ignoran la ciencia del pensar alto y del
399 3494 1981 3567 sentir hondo, y ya verás cómo en la bondad mi¬
387 3571 1981 3633 lagrosa de esta reflexión encontrarás la mejor
393 3643 1975 3711 arma para defenderte contra quien trata de alu¬
399 3702 1993 3782 cinar tu cabeza y tus sentidos hablandote quizás
399 3780 1993 3854 de trapos y cintas, de moños y perfumes de moda.
399 3852 1987 3926 de chismografías y demás números del repertorio
405 3929 1378 3991 frivolo, ligero é insubstancial
537 4001 1993 4075 Déinte de esas pequeñeces y noñerías, ni
405 4078 1999 4152 queridísima niña. La vida es tan cruel y tan dura,
405 4138 1993 4212 que no se debe perder el tiempo en amar y cul¬
405 4216 1987 4290 tivar la bagatela. Busca la médula y cultiva la
393 4293 1032 4355 esencia de las cosas.
543 4365 1999 4439 Así desea que vivas quien como vo, te quiere
375 4431 978 4498 con toda su alma.
1259 4514 1868 4582 FLORINDA LIGAYA.
1826 432 2351 482 FILIPINSA
2178 850 3616 900 L molor on boblo
2793 987 3025 1043 OS
2966 1100 3712 1156 a feast of reason and¬
2900 1178 3354 1228 a flor of sol.
2232 1279 3706 1335 El arte de recibir no florece con gran lozanía
2082 1351 3712 1401 en nuestros tiempos, Sea por la mapidez con que
2082 1417 3700 1473 vivimos, la fiebre inquiota de nuestro medio so¬
2082 1494 3706 1550 cial, la multitud de atenciones ó de diversiones
2100 1572 3706 1628 que nos reclaman, el caso es que observamos con
2082 1643 3676 1699 tristeza la nusencia de esos salones elegantes pre
2100 1715 3688 1771 sididos por una muier llena de gracia y de ta¬
2094 1781 3700 1843 lento, cuya presencia magnética atraía hacia ella
2082 1858 3700 1920 todas las voluntades, y alredor de la cual giraba¬
2082 1936 3431 1992 la egente de calidad de toda una época.
2238 2008 3706 2063 Lo primero que se necesita, despues de una
2094 2073 3694 2135 cuantiosa fortuna, es una bondad grande y pro¬
2100 2157 3694 2207 funda para abrir su corazon, echar á un lado la
2100 2228 3706 2278 envidia y la vanidad, buscar el talento de los
2094 2288 3688 2356 demás y hacerlo valer, tener una palabra amable.
2106 2366 3694 2434 para todos, pir las enitas y consolar las penas,
2094 2437 3670 2505 interesarse en los trabajos aienos, apoyar los pro¬
2100 2521 3061 2571 vectos, alentar las ambiciones.
2226 2580 3700 2648 Conviene, además, tener talento; pero para
2100 2664 3688 2720 una mujer vale poco si no sabe subordinarlo al
2082 2730 3676 2792 de los otros y á fuerza de dulzura y de genero¬
2076 2807 2882 2863 sidad hacérselo perdonar
2214 2873 3688 2935 El imán personal está fuertemente cargado
2082 2945 2548 3006 con altruismo.
2232 3022 3676 3084 Después de atraer la gente, hay que divertirla.
2082 3082 3694 3156 Y he aquí la diferencia principal entre un salón
2070 3165 3389 3233 intellectual y un mero salón de sociedad.
2208 3237 3664 3305 Los huéspedes no se conforman con bailar
2070 3309 3670 3376 lucir elegantes trajes y libar sorbetes; es preciso
2076 3374 3670 3448 ofrecerles pasatiempos más altos, pasto para el es¬
2094 3458 3676 3520 píritu, sa feast of reason and a flo of sol No
2070 3523 3670 3591 es difícil; ellos mismos suministran los elementos
2070 3595 3676 3663 necesarios, si la dueña de la casa tiene el tacto
2070 3667 3682 3735 necesario; si ha sabido escoger debidamente su
2070 3744 3670 3806 grupo de amigos y lanzarlos en el buen camino.
2220 3810 3664 3884 Una de las mujeres que, en nuestros tiem
2100 3893 3676 3955 pos ha sabido formar un núcleo distinguidísimo
2094 3965 3676 4027 y reunir en torno suvo lo más granado del Paris.
2070 4025 3676 4099 contemporáneo, ha sido la Condesa Diane de
2082 4102 3676 4170 Benusnco, señora cuva alcurnia no era inferior
2070 4168 3694 4242 á su clarísimo talento ni á su gran corazón. Hasta
2070 4246 3670 4319 su muerte, hace diez años, su casa fué un ren¬
2076 4323 2566 4379 des rons lite.
2214 4395 3688 4463 La lista de las personas que la frecuentaban
2070 4460 3676 4528 era el catálogo de cuanto valla en el mundo de
2070 4538 3676 4606 las letras, del arte, de la política y de la nobleza.
2214 4741 3688 4809 MADRE, ¿quereis criar á vuestros hijos sanos
531 4717 2005 4785 Hiérvase trece cucharadas de agua y mezclad
375 4789 1993 4857 á ella una cucharada de HARINA LACTEADA
393 4866 2011 4934 NESTLE. sin necesidad de poner leche, es suficiente
393 4944 1909 5000 para una comida de un niño de 6 meses de edad.
2106 4813 3676 4880 y robustos para que en el dia de mañana sean
2070 4884 3676 4958 dignos apoyos de la Pátria querida? Alimentadlos
2070 4962 3622 5036 con los fabricados bizcochos de La FORTUNA.
2679 5218 3324 5322 able
877 5230 1593 5298 riera
1999 5230 2452 5310 E
793 5421 3234 5501 Los mejores vehículos que hay en el Extremo Oriente.
1342 5541 2739 5614 Cervantes no 380.—Teléfono 9.
