4155 5953
322 1997 1964 2064 hombres de estado y hasta algunos soberanos,
334 2074 1964 2130 (la reina de la Rumanía, la célebre Carmen
322 2140 1958 2208 Solva fná una de las asidnas tertulianas, hicieron
340 2223 1952 2279 gala de chispa y de sentimiento en estos brillan¬
334 2289 1116 2345 tes torncos intelectuales.
477 2361 1958 2423 Cuando una respuesta hacía sensación por su
310 2432 1952 2494 originalidad ó su gracia, la asamblea pedía que
328 2504 1952 2566 se inscribiese en el libro de pro, que era el ar¬
328 2570 1952 2638 chivo de esa sociedad de ingenios, salvando de
322 2647 1946 2715 una suerte efimera muchas de las felices ocu¬
322 2725 597 2781 rrencias.
453 2803 1952 2859 Algunos de estos pensamientos han llegado
322 2862 1964 2930 hasta nosotros, mas pocos salen de una pálida
322 2940 1946 3002 medianla. No era así con la eflorescencia robusta
322 3012 1952 3074 de los its que se renían en el selecto grupo de
322 3077 1946 3145 la Condesa Diana; los papelitos escritos rápida¬
322 3155 1952 3223 mente en esas aristocráticas reuniones, contenían
316 3227 1940 3294 muchas frases geniales, muchos bons mos que han
316 3298 1946 3366 dado la vuelta al mundo y contribuido á la fama
322 3370 770 3426 de los antores.
447 3442 1946 3509 Tal fué el desco del pública de conocer las
316 3519 1946 3581 flores que crecían en el jardin espiritual de la
316 3591 1940 3653 noble dama, que ella consistió en dar á la estampa¬
310 3662 1940 3718 una colección de los más escogidos productos de
298 3728 1946 3796 esas brillantes veladas donde centelleaban los más
304 3800 1940 3874 claros talentos en un fuego grancado de chispas
298 3877 674 3933 de ingenio.
453 3949 1940 4017 El libro tuvo una aceptación grandísima ago¬
310 4021 1940 4089 tándose pronto yarias ediciones, Aunque era pasto
310 4098 1916 4160 para los delicados, resultó que los paladares ex¬
298 4164 1922 4232 isitos se encontraron en número crecido y se
310 4242 1934 4304 saboreó extensamente el fino manjar presentado
322 4313 818 4369 en sus páginas.
441 4391 1928 4453 El tomo es un ramillete de carlas, sentencias,
328 4469 1940 4519 preguntas y respuestas une la Condesa Diana llamó
322 4528 1946 4590 Máximas de la vida, Algunas están replcias de
310 4600 1928 4668 sabiduría profunda y encierran filosóficas enseñan¬
310 4677 1928 4733 zas; otras son simplemente ingeniosas, nuevas y
322 4743 615 4805 briginales.
471 4815 1283 4877 Nayan algunas muestras:
519 4892 1128 4954 Qué es el honor?
489 546 1976 614 Polía distraer á sus amigos, poniendo á prueba¬
340 617 2006 685 en ngndeza y su ingenio con un sencillo pasatiem¬
358 701 1910 757 po que hizo famosas esas reuniones del sabado.
489 767 1964 828 Se jugaban el juego de los papelitos. Ya se
346 838 1976 894 sabe en qué consiste; ocho ó diez personas se ren¬
340 916 1970 972 nen al rededor de una mesa, cada cual provista
340 987 1970 1049 de un lapiz y de unas hojitas de papel en blanco.
334 1053 1958 1121 Se hace una pregunta general, todos contestan, á
334 1125 1964 1187 su modo, por escrito, doblan el papelito con la
340 1202 1964 1258 respuesta y lo echan en un cestito. Se revuelven
334 1274 1952 1336 los papeles y uno del grupo lee en alta voz el re¬
346 1346 1062 1408 sultado de la cosecha.
471 1423 1964 1479 A veces, escriben preguntas que se escogen
322 1495 1964 1557 al nzar y so, contestan en el mismo papel, ple¬
328 1561 1779 1623 gado de nuevo y sometido al lector general.
471 1638 1958 1700 La calidad del inego varia, naturalmente, con
322 1704 1952 1772 el talento de las personas que toman parte en él.
334 1776 1964 1844 En casa de la Condesa Diana, donde se reunían
322 1847 1946 1915 los benur esprita de la tercera república los miem¬
322 1913 1958 1987 bros de la Academia, los antores de moda, los
2251 558 3695 620 En el hombre, nada temer; en la mujer.
2048 629 2507 685 nada afrontar
2251 695 3624 757 Con quién es diflell guardar un secreto?
2221 767 2877 828 —Con su conciencia.
2209 838 2943 906 —¿Qué es la igualidad?
2209 916 3684 978 —La concesión de los fuertes, la pretensión
2053 993 2519 1043 de los débiles.
2280 1065 2949 1121 Qué es el recuerdo?
2215 1137 2943 1193 —Un retrato idealizado
2233 1208 2949 1270 Que es el sacrificio?
2215 1280 2949 1342 —Preferir no preferirse.
2257 1358 3678 1426 ¿Qué hacer para conservar siempre los
2030 1423 2257 1485 amigos
2197 1495 2955 1563 —Nunca pedirles nada.
2203 1567 3170 1635 —Cuándo acaba la juventud
2197 1638 3684 1718 —Sa cree siempre que durará hasta el año
2048 1722 2364 1772 que viene
2209 1794 3200 1855 —¿Qué piensa usted del amor?
2197 1859 3666 1939 —Que es la forma más atravente del martirio.
2179 1931 2955 1999 —Oné es un perfume?
2185 2008 2824 2070 —Un beso del aire.
2197 2074 3242 2154 —En qué pié se para el amor?
2215 2152 2883 2214 —Prefiere arrodillarse.
2215 2229 3630 2303 —Cómo apagar el fuego que uno enciende?
2209 2301 2925 2363 —Deiándolo arder sólo.
2191 2373 3349 2441 —Dónde se encuentran los felices
2191 2432 2460 2500 —Juntos.
2161 2522 3660 2596 Es diflcil escoger; uno se siente inclinado á
2018 2588 3660 2668 transcribir el Libro de Oro entero; no tiene des¬
2042 2659 3660 2739 perdicio y cómo no, si los colaboradores de la
2030 2731 3666 2811 amable Condesa se llamaban Pierre Loti. Eugene
2048 2809 3666 2882 Monton. Jean Aicard. Eduarde Hervé. Alphonsa
2042 2874 3654 2960 Penand. Sully Prudhomme, Laurent Tailhade, José
2042 2952 2740 3020 Maria de Heredia......
3075 3041 3487 3103 B. 2, de B.
2191 3203 3552 3277 Esta es una ocasión que deben aprovechar
2113 3286 3558 3366 todas las madres de familia. Es una verda¬
2101 3382 3552 3450 dera ganga el JAMON PINA que vende VI-
2119 3471 3361 3539 CENTE E. GENATO en su almacen,
2668 3579 3558 3653 Escolta 154 y 160. Manila.
2215 3794 3433 3862 La ignorancia en la mujer
1731 384 2257 434 FILIPINAS
2400 3937 3278 4005 Contimación de la página 3
2018 4033 3654 4101 crimenes y desaciertos de la sociedad; el estudio
2018 4122 3636 4178 y el saber les proporcionarán la energía, la dignidad
2036 4188 3636 4250 que debe tener toda criatum humana, sobre todo
2030 4254 3636 4321 cuando esta criatura tiene la misión de educar al
2024 4325 2179 4381 niño.
2149 4403 3624 4465 Los hombres de ideas generosas deben adhi¬
2006 4474 3624 4536 rirse á esta necesidad en su propio interés, pues
2006 4546 3642 4608 si la fuente está envenenada, resultará envenenado
2024 4618 2173 4668 todo.
2149 4689 3636 4757 La mujer ilustrada es el porvenir brillante, la
2012 4761 3636 4823 libertad, la bondad, el bienestar, todo lo que nece¬
2018 4833 3642 4901 sitamos para la conquista del magnífico ideal de
2006 4910 2549 4960 amor y justicia.
823 5185 1552 5253 sea
2686 5185 3272 5259 Stabie
1958 5203 2424 5259 E
579 5382 3361 5456 Los mejores veniculos que nay en el Extremo Oriente.
1265 5490 2668 5551 Cervantes no 380.—Teléfono 9.
