3969 6032
627 659 1994 751 la asintración 16 Marra
1224 809 1385 865 —
633 898 2090 984 Era la perla del pueblo esta María. De ella¬
495 964 2096 1056 todos los binatas estaban prendados. En las no¬
495 1035 2090 1127 ches de luna, cuando el aire se satura de arromas
495 1101 2090 1199 de sampaguita y de ilangilang, una rondalla de
495 1185 2084 1271 bandurrias y guitarras hacía enfrentada en la ensa
495 1256 2090 1342 de su padre, el vieio capitan pasado. Florencio,
495 1328 2102 1420 el opulento propietario del lugar. El mas ardierte
507 1400 2096 1492 admirador de la niña era Guillermo, aventajado
495 1501 1200 1563 estudiante en Manila.
662 1549 2096 1635 Realmente, á los dieciocho años, en plena
501 1621 2084 1713 florescencia de inventud, María podía sentirse or¬
507 1692 2096 1796 gullosa. Tenía un cuerpo de opulentas líneas, con
501 1764 2084 1850 ojos ardientes que languidecían al mirar, de cabe¬
495 1836 2090 1922 llos negrísimos, que formaban marco de ébano para
495 1907 2108 1993 su cara hermosa de tagala. De muy niña, estuvo
513 2003 1391 2071 en el colegio de Sta. Rosa.
639 2051 2108 2137 Llegó la horda de conquistadores. Ansias de
507 2128 2102 2214 renovación y de progreso encendian todas las al¬
513 2206 2102 2292 mas. Y María, con aquel carácter de voluntariosa
507 2272 2090 2375 por tanto mimo de su viejo padre, se sintió fuerte
645 2343 2102 2429 Era por la sugestión del primer maestro
513 2409 2084 2507 americano del pueblo, que se ofrecció á darla lee
507 2493 2096 2573 ciones, privadamente, todas las noches. El muy
501 2564 2108 2644 maestro, después de la lección obligada, entraba
507 2636 2108 2716 en charlas sobre la libertad y el individualismo
513 2708 2108 2788 de la mujer americana y para esto le trala manazines,
513 2779 2120 2859 en corroboración. Una tarde, se perinitió invitarla
507 2863 1970 2943 á pasco. El buen papá no pudo contrariarla.
645 2923 2126 3003 —¿Qué mal hay en ello, papa? Ya ves con
519 3012 1594 3092 qué correccion se porta conmigo.
650 3072 2114 3152 Efectivamente, ni una sola palabra de inten¬
513 3150 1558 3218 ción, de amor, decía Mr. John
650 3215 2126 3295 Despues, solitos los dos, los paseos se hacían
525 3293 2132 3373 más frecuentes. Ya era al claror de la luna, en
519 3383 1051 3451 sitios solitarios.
639 3430 2144 3516 Se murmuraba mucho, D. Florencio le llamó
489 3502 2126 3594 á consejo. Ella, preciosa, se deshizo en protestas
489 3604 1057 3695 y en invectivas.
645 3651 2138 3725 —Sí, todo eso es calumnia de Guillermo, que
525 3723 2126 3809 me asedia con sus prefensiones. Además, mis¬
519 3789 2108 3869 amigas, que me odian porque me creen más bo¬
519 3866 2126 3946 nita y más rica que ellas, aumentan esos chis¬
507 3962 1272 4024 mes. Yo les desprecio.
591 4010 2126 4096 D. Florencio tuvo que callarse. ¿Qué mal.
483 4081 2138 4173 había, realmente, en ello? Esos americanos no
519 4153 2138 4239 ron ente maliciosa y salvaje como los bagontaos
519 4225 2138 4311 del pueblo. Son capaces de estar todo el día con
531 4296 2132 4382 una mujer, sin tocarla,—pensaba el inocente. To
519 4392 1642 4454 dos los días le observaba: y nada.
662 4446 2138 4526 Eres impenetrable, Mr. Jobn. Ya hablas cal¬
519 4523 2138 4597 culado todas las posibilidades de la niña. Sabras
688 4724 2118 4792 No alimenteis más que con la HARINA LAC
519 4792 2138 4878 TEADA NESTLE á vuestros hijitos si quereis.
525 4894 1433 4950 verlos robustos y hermosos.
1881 373 2454 435 FILIPINAS
2173 516 3780 608 que era la más rica del pueblo. Matemátícamente,
2167 582 3792 679 sabes el valor de sus propiedades, que pasa de do¬
2173 659 3792 751 cientos mil pesos. Además, nunque no entraba¬
2179 731 3804 817 en tus cálculos, María era buena y hermosa, ¿Qué
2167 820 3016 894 más? Se casaría con ella.
2323 874 3786 960 Una noche, el nire espeso y calido invitaba
2185 952 3792 1038 al paseo. Y los dos se perdieron en la espesura
2179 1018 3804 1103 de las afueras. Fué comprometo de olvido. Todo
2191 1089 3780 1175 se conjuraba, la soledad y el bochorno de la es¬
2179 1179 2795 1253 tación. ¿Qué pas?
2305 1233 3792 1318 Como un caballo exaltado, Mr. John le
2179 1322 3792 1396 cogió por la cintura. Y con brazo de hierro,
2167 1394 3613 1474 la sujetó y le dió un largo beso en la boca.
2323 1471 3159 1527 —I love non, dear Mar.
2323 1531 3786 1605 Ella no pudo contestar. Esa laxitud de mu¬
2185 1609 3798 1683 jer le invadió, y se inclinó sobre el hombro del
2167 1704 2382 1760 amigo.
2323 1752 3804 1832 El también le gustaba. El contacto diario y la
2179 1824 3804 1904 comunión de ideas influyeron para vencerla. Ade¬
2179 1895 3798 1981 más, con Mr John, sentíase mujer verdadera, con
2191 1973 3792 2053 derecho igual que el hombre. Iría sola á cual
2197 2045 3804 2131 quiera parte, recibiría á los ninigos, tendría con¬
2191 2116 3798 2196 sideraciones. La vanidad posevóla. No iria
2197 2188 3804 2268 acaso, con el maestro, á América, para ver
2191 2260 3798 2346 cosas grandes y raras y vestir trajes suntuosos
2203 2331 3798 2423 y rutilantes jovas? En cambio, en este hnmilde
2197 2409 3798 2501 pueblo, casándose con Guillermo, languidecería
2197 2475 3798 2555 como su muerta madre. Esta la desterrada en
2197 2558 3798 2632 el hogar con el niño en bmzos. Y asi siempre.
2191 2636 3374 2704 moviéndose al arhitrio del marido.
2365 2696 3810 2776 Pero con Mr. Jofn, qué felicidad; Pues
2197 2773 3792 2841 este hombre le trala la novedad y la libertad.
2209 2851 3804 2919 A vecos, sentín miedo de la fríaldad de Joln.
2203 2923 3798 2991 Su mirada le parecia que no tenía aquel en¬
2209 2994 3798 3062 entusiasmo y ardor del cariño. Son así los ame¬
2209 3072 3111 3146 ricanos, acababa por decir.
2353 3138 3798 3206 Y con mimos y caricias, ella fué insinnan¬
2191 3221 3404 3277 dose en la voluntad de su padre.
2353 3287 3487 3349 —Tú me quieres, verdad, papa?
2359 3359 3816 3415 Y á fuerza de besos, le arrancó el con¬
2215 3424 3810 3498 sentimiento de las relaciones, ¿Como había de
2203 3496 3816 3570 negarse el vicio, si Mr. Jobn era como el re¬
2221 3580 3816 3642 presentante del poder en el pueblo, el hombre
2215 3651 2884 3719 de influencia única?
2365 3717 3828 3791 La noticia cayó como una bomba en la
2221 3795 3822 3863 localidad. Se hacían grandes preparativos de la
2221 3866 3804 3934 boda. Las comadres y los jóvenes alzaron la
2215 3938 3822 4000 voz Guillermo, de desesperación, volvión Manila.
2215 4010 3344 4072 Terininaría la carrera de Derecho
2347 4075 3822 4143 Estaban casados Mr. John y Maria. Ha sido
2221 4153 3822 4221 una luna de miel muy hermosa, ¡Pero qué
2215 4237 2568 4287 breve fué
2365 4302 3822 4364 Empezó John por pedirla las llaves de su
2221 4374 3822 4442 aparador y de su arcas. Y después, á vender
2221 4440 3810 4520 propiedades. Estaba, dice, enzarzado en un ne¬
2233 4517 3828 4591 gocio inuy grande, en Manila, que les haría do¬
2359 4726 3828 4782 GASTRONOMOS, ¿quereis comer cosas riquí¬
2221 4798 3834 4860 simas? Probad los renombrados bizcochos de LA
2215 4876 3649 4932 FORTUNA que expende LA ESPERANZA.
2783 5132 3463 5224 Stable
2090 5150 2627 5224 E
1003 5174 1749 5236 risea
943 5359 3386 5427 Los mejores veniculos que hay en el Extremo Oriente.
1505 5473 2908 5523 Cervantes no 380.—Telefono 91.
