4088 6098
358 539 1963 619 blemente ricos en un año. Desapareció ya aquella
375 605 1957 691 fineza en Mr. John. Se volvió más serio y frlo.
363 688 1980 756 Ni una palabra de cariño impetuoso, Pero mada¬
358 760 835 810 de insolencia!
495 832 1963 905 María devoraba lágrimas de amargura por
358 903 1951 977 el derrumbe de su ilusión. La dejaba ir sóla.
369 969 1945 1055 pero, cuando estaban en Manila, apenas salían
358 1058 1616 1120 juntos, como si él tuviera verguenza,
507 1112 1939 1192 Voy otra vez á Manila, le dijo poco des¬
352 1208 1807 1263 pués de volver. Lo requiere nuestro negocio.
495 1267 1951 1347 Pero ella, que sentia ya dolores de la
363 1339 1085 1401 maternidad, se opuso.
489 1410 1933 1484 —No seas tonta Déiame ir—le dijo seca¬
334 1482 614 1544 mente.—
477 1560 1939 1633 Y se marchó Mr. John, sin interesarse
334 1625 1939 1705 penas por el niño que llevaba en las entrañas.
352 1703 1939 1777 Ella, que quería que el primer vastago naciera
352 1774 1933 1848 á completa semejanza de él, que todas las no¬
334 1840 1939 1920 ches forjaba planes, recibió el primer golpe de
340 1912 686 1979 desengaño.
489 1989 1939 2069 Hace dos semanas, Mr. John no escribía.
334 2067 1951 2141 Al fin, ella, que siempre iba al correo, recibió
334 2132 692 2194 una carta.
465 2210 1939 2290 Después de leerla, cayó sin sentido, en el
346 2276 912 2343 mismo post office.
465 2347 853 2409 Decia asi¬
477 2425 1945 2499 Mary: No me esperes más, Salgo hoy para
352 2502 1939 2576 América, mi país, donde tengo una prometida
322 2568 1945 2648 con quien yoy á casarme. No podremos congenar
322 2640 1939 2713 nunca por nuestro curacter antagónico y
322 2711 1927 2791 nuestra diferencia de raza, Deiame que me lleve,
328 2783 1933 2863 como recuerdo tuvo, tus jovas y todo tu dinero.
322 2854 1670 2928 Caida con amor de nuestro niño.—IDIN.
483 2926 1652 3006 —Miserable! —dijo al volver en si.
453 3004 1927 3077 Poco después, llagaba al pueblo Guillermo.
328 3075 1939 3149 de vacaciones. El no la había olvidado, Ahora¬
322 3141 1742 3221 me ella estaba desolada, debía consolarla.
477 3218 1921 3298 Al verle, la pobre, se deshizo en lágrimas.
495 3284 1449 3358 —Soy muy desgraciada, dijo.
519 3362 1927 3435 No, yo te vengaré. Le perseguiremos ante
310 3433 1766 3513 los tribunales—contestó el indignado joven¬
513 3517 1915 3579 Para que? El no me amaba y hoy le
322 3576 1921 3656 desprecio, es un infame. Es inútil buscarle. Crees
328 3654 1706 3722 que mi amor y mi honor tienen precio...
483 3731 1915 3799 Pobre muier. Ahora, ya es muy tarde para
310 3797 1921 3871 ser amada. Le queda, como único consuelo en
310 3863 1927 3943 su vida rota, aquel pequeño hijo, sin padre, á
322 3946 1569 4008 quien arrulla llena de amor matenal.
1103 4048 1778 4116 CONSOLACION AMADA.
537 4215 1700 4283 Dibulos para pordados
1706 390 2243 440 FILIPINAS
2171 659 3556 738 LOS TROBLEMAS DE LA VIDA
2315 891 3401 947 Precancianes contra la escarlatina
2183 993 3675 1055 Es opinión muy extendida entre las madres
2028 1064 3669 1126 de familia que la escarlatina, enfermedad epidé¬
2046 1142 3669 1198 mica y contagiosa, sólo se trasmite durante el pe¬
2034 1208 3669 1269 riodo de erupción, y sobre todo en el de escama¬
2028 1279 3675 1347 ción, sirviendo la escama enidémica de vehículo
2034 1363 2780 1413 del vir escarlatinoso.
2171 1434 3681 1490 Un médico francés, M. Comby, apovándose en
2034 1506 3663 1556 numerosas observaciones, demestra en Archives
2034 1571 3669 1633 de Médicine denfantsa que dicha forma de con¬
2028 1643 3681 1705 tagio no es la más peligrosa que en la inmensa
2016 1721 3669 1777 mayoria de los casos, la escarlatina se contrae al
2040 1792 3669 1854 principio, antes del periodo, emanadas de la nariz.
2028 1864 3675 1926 la boca y la garganta de los enfermos, mucosida¬
2016 1935 3478 1997 des que contienen el microbio escarlatinoso,
2159 2007 3669 2069 Importantes son desde el punto de vista de
2016 2079 3669 2147 la profilaxia de la escarlatina, las consecuencias
2016 2156 3013 2212 á deducir de la nueva noción.
2177 2222 3669 2284 Respecto de la escarlatina, como de la fiebre
2034 2299 3657 2355 lifoiden como de todas las demás enfermedades
2016 2365 3663 2433 contagiosas el portador del virus adquiere ahora
2034 2443 3663 2505 una importancia extmordinaria. Recordamos una
2028 2508 3657 2576 vez más que los microbios no se adhieren á los
2028 2586 3645 2648 nuros, á los entarimados y á los techos; viven y
2022 2651 3651 2719 se desarrollan en las secrecciones y excrecciones, y
2016 2729 3651 2797 son transportados por el enfermo y las personas
2040 2807 3132 2863 que con el tienen contacto directo.
2148 2878 3639 2940 A la luz de esta enseñanza, la desinfección
2022 2944 3651 3012 de localos pasa á ser cosa secundaria; en cambio
2022 3021 3651 3083 hay que procurar á toda costa y ante toda, la
2016 3087 3639 3155 desinfección de los obietos manchados por las se¬
2016 3159 3639 3227 creciones y excrecciones; hay que limpiar y desin¬
2016 3230 3645 3310 fectar frecuentemente las cavidades naso faringeas,
2016 3302 2720 3364 bucales y auriculares.
2148 3379 3645 3447 Un nislamiento seguro y prolongado, limitará
2016 3451 3013 3507 las probabilidades de contagio.
2136 3523 3639 3591 Entre las medidas de acepsia á adoptar por
2010 3600 3639 3662 las personas su contacto con el enfermo, figura¬
2004 3660 3639 3734 rán el uso de blusas, el lavado de manos y de
1992 3737 3627 3799 la cara, La antisepsia se limitará á las ropas y
1998 3809 3633 3877 otros ohietos manchados por el contacto del es¬
2004 3881 2374 3937 carlatinoso.
2148 3958 3639 4020 Y á proposito de esto de la antisepsia dire¬
1992 4024 3639 4092 mos que no conviene entregar las ropas á la
1992 4095 3621 4163 neción de la estufa de vapor, ni á las pulvera¬
1992 4167 3615 4241 ciones de sublimado corrosivo, porque sobre que
1992 4245 3645 4307 ambos procedimientos deterioran los objetos, no
1998 4310 3633 4384 destriven á fondo los microbios. Bastan para dar
1998 4382 3562 4462 al traste con ellos, el agua hirviendo y la legía.
2159 4579 3562 4635 Quereis adonirir una comida exquisita y
459 4364 1921 4432 En la signiente página encontrarán nuestras
298 4430 1915 4503 lectoras grabados de dibuios preriosos en forma de
316 4501 1933 4575 orlas propios para pañuelos y mangas de camisa
310 4573 1921 4647 y parie velos y tapis, asi como tambien iniciales
334 4650 1461 4712 para manteles, sabanas y pañolitos.
453 4722 1915 4790 Todos son de estilo moderno, y nue no duda¬
310 4794 1927 4867 mos serán del agrado de las diligentes lectoras de
310 4865 805 4927 este semanario.
2088 4662 3544 4730 baraia? Id al almacen de VICENTE E.
2094 4758 3329 4820 GENTO y pedid un JAMON PINA.
2643 4847 3550 4915 Escolta 154 y 160, Manila.
787 5163 1545 5225 ribera
1927 5163 2416 5243 E
2685 5175 3269 5249 Stable
548 5348 3347 5434 Los mejores veniculos que hay en el Extremo Oriente.
1270 5462 2690 5536 Cervantes n.o 380.—Teléfono 91.
