4167 5980
823 336 3204 410 REGISTRADA COMO CORRESPONDENCIA DE SEGUNDA CLASE
1211 492 2918 560 Manila, I. F., Martes á de Febrero de 1910
399 527 728 583 Ano I.
3240 492 3664 548 Núm. 4.
3204 1470 3407 1550 N
1885 2061 3616 2123 A PAPAE Y HEDA
2088 2485 3527 2541 POR Y PARA LA MUJER
2112 2759 3568 2809 N
2220 2891 3539 3018 La mujer del siglo presente no concuve
2160 2968 3485 3024 de persuadire que no son bastantes las
2148 3046 3461 3102 cualidades todas de una belleza perfecta,
2154 3124 3443 3174 el pudor de una niña, la dignidad de una
2166 3195 3455 3245 mujer; hoy es preciso unir a este contin¬
2178 3267 3467 3323 ente el de la instrucción, pues parte de
2166 3344 3455 3394 la culpa en esas tristes asin ilaciones don¬
2178 3422 3455 3478 le el hombre busca algun necreo, por el
2178 3494 3455 3555 que no halla en su casa, le corresponde á
2160 3565 3467 3621 ellan; y elocuente testimonio son esas fami¬
2148 3643 3479 3699 lias civos varones anenas si conocen otras
2148 3720 3473 3770 diversiones que los de su casa; donde la
2142 3798 3455 3848 mujer siempre halla medios en su gracia
2136 3870 3455 3920 é instrucción de hacer deleitable la estan¬
2136 3941 3455 3991 cia del marido é hijos en su propia habi¬
2154 4013 3455 4075 tación, sin buscar por otras partes sensa¬
2130 4096 3467 4146 ciones fuertes que marchitan hasta los más
2136 4180 3485 4230 puros afectos y rompen los lazos más sa¬
2106 4246 2399 4307 grados.
2226 4395 3473 4445 Buhay ng᷉ isang bayan ang babaeng ma¬
2076 4466 2375 4522 Y talino.
2220 4538 3473 4594 Pagsikapan natin ang ating mg᷉a kula¬
2112 4616 3479 4672 boong isip ay masinagan ng maningning
2118 4687 3467 4743 na ilaw ng᷉ karunungan, pagka’t kung ta¬
2148 4771 3485 4827 yo'y mananatili sa kamangmangan ang
2136 4836 3485 4892 ating mg᷉a anak ay gayon din ang kalala¬
2088 4914 2369 4976 basan.
2058 5051 3574 5107 AALALALA
