4075 6007
2561 534 2764 596 E
334 695 3672 745 EMANARIO ILUSTRADO DE CIENCIAS, LITERATURA, BELLAS ARTES, MEDICINAS CASERAS, HIGIENE Y CONOCIMIENTOS
1576 773 2418 829 UTILES A LA VIDA PRÁCTICA.
1110 844 2919 894 DEDICADO EXCLUSIVAMENTE A LA MUJER
334 910 3666 966 La majer sabla edifica de la nada su casa; mas la mujer insensata lejos de edificar una casa que no existe, destruye con
1397 988 2621 1043 sus manos la que existe ya. Prov. XVIII.
1122 1083 2860 1133 SALE Á LUZ LOS DÍAS 8, 15, 22 Y FIN DE CADA MES.
334 1185 3660 1247 rectora, CONSTANCIA POBLETE—Tel., 1013—DIRECCION TELEGRATICA: FILIPINAS.—Administradora, ROSARIO LAM
340 1304 3642 1354 Precios de subscripción: 190.30 al mes en Manila y P1.20 trimestre en provincias. Ex¬
788 1388 3224 1444 terior P500 semestre. Pago adelantado. Números Sueltos '10 céntimos.
794 1465 3242 1521 Redaccion y Administracion, Escolta 75, Cuarto no 5
788 1549 3242 1617 Todos los cheques y giros postales se extenderán á la orden de FILIPINAS.
1122 1710 2901 1772 Manila, I. F., Martes, 8 de Febrero de 1910.
471 1716 782 1766 Año I.
3200 1722 3600 1778 Núm. 4.
650 1907 1516 1963 OS
435 2086 1857 2142 DELITO DE LESAPATRIA
2484 1907 2746 1969 E
2030 1907 2173 1963 E
2967 1913 3188 1969 S
2113 2092 3546 2148 LA MUJER Y LAS FLORES
2478 2230 3218 2280 O
865 2218 1080 2268 E
1307 2224 1958 2280 O
441 2325 1934 2387 Más que nadie, nosotras las mujeres filipinas.
352 2403 1970 2459 debemos interesernos por el estado actual de
358 2474 1970 2530 nuestro país. Preciso es, pensar en la gravedad
346 2546 1958 2614 de su situación, es necesario que las delicadas
346 2624 1958 2686 fibras de nuestros corazones se hieran ante la
358 2695 1946 2763 lúgubre perspectiva de su estado agónico, para
346 2773 1958 2835 sentir de una manera real y evidente el cú¬
346 2851 1952 2912 mulo de desastres, para divisar esa atmósfera
346 2922 1952 2984 de desgracias que á cada paso vemos ensan¬
358 3000 1671 3062 char en el horizonte de nuestro porvenir.
435 3065 1946 3139 Debemos de comprender, que, nacidas en el
346 3143 1934 3211 mismo suelo que nuestras hermanos, tenemos
334 3221 1952 3289 el sagiado é ineludible deber de ayudarles, con¬
352 3304 1940 3360 tribuir con nuestros esfuerzos por la pros¬
352 3382 1958 3438 peridad de nuestra querida cuanto desgraciada
352 3448 549 3510 tierra.
412 3525 1940 3587 Con gran pesar nuestro hemos observado que
334 3597 1940 3659 muchas de nuestras hermanas se muestran nún in¬
340 3669 1946 3736 diferentes y apaticas en las cosas que conciernen
340 3746 1940 3808 á nuestro pueblo, no se interesan siquiera por
334 3824 1928 3880 su ilustración y cultura, convencidas de que los
346 3901 1928 3963 pocos conocimientos que poseen son ya bastantes
334 3973 1928 4035 para la vida práctica y que la salud de la Pá¬
334 4051 1743 4113 tria no las ha de afectar en lo más mínimo.
400 4116 806 4178 Grave error.
412 4200 1928 4256 Las desgracias que pesan sobre nuestro pue¬
334 4266 1922 4340 blo así como también su triunfo en la lucha,
334 4343 1916 4405 no solamente afecta á los filipinos, sino tam¬
334 4421 1916 4483 bién y mucho más á las filipinas, pues sa¬
346 4493 1934 4561 bido es que, quien más siente el desastre ó la
340 4570 1934 4632 victoria de un pais es la mujer. Debemos tener
340 4648 1934 4710 presente que la grandeza ó pequeñez de un pue¬
346 4714 1916 4787 blo dependen del grado de ilustración y civi¬
322 4797 1922 4865 lización de sus mujeres y será débil y es¬
758 4863 1504 4919 Termina en la página 330
2436 2349 3206 2405 DE COLABORACION
2113 2415 3618 2483 Ya el sol comenzaba á derramar sobre la
2048 2498 3624 2560 tierra sus últimes y moribundos ravos, era la
2048 2576 3630 2638 hora de la majestuosa caida de la tarde, en
2042 2647 3624 2709 que los corazones continuamente agitados se
2048 2725 3630 2787 trananilizan y se entregan á la contemplación
2030 2809 3606 2877 del letárgico nspecto que presentaba la Natu¬
2030 2886 3630 2954 raleza. En efecto, qué espectáculo tan triste
2042 2970 3624 3026 y sublime ofrece el sol cuando está próximo
2036 3042 2848 3098 á terminar su carrera!
2890 3042 3612 3104 El, que trae la acti¬
2036 3107 2890 3175 vidad, la vida y la alegría!
2107 3209 3618 3265 Poco á poco ocultábase el astro rey y la obs¬
2036 3274 3612 3342 curidad empezaba á reinar un silencio sepul¬
2036 3352 3618 3414 cral se observaba por todas partes, interrum¬
2054 3424 3612 3492 pido sólo por el murmullo de los grillos y el
2018 3495 3606 3569 ligero crujir de las ramas de los árboles. La
2018 3573 3612 3641 luna no brillaba porque las nubes la cercaban
2036 3651 3612 3719 y la eclipsaban, como los engaños y los em¬
2030 3722 3140 3790 bustes eclipsan á veces á la verdad.
2095 3812 3618 3880 Hallábame yo asomada en una ventana que
2018 3890 3618 3957 da á mi pequeño jardin, gozando de la fresca
2018 3967 3600 4029 brisa de la noche y aspirando de la rica fra¬
2012 4045 3600 4107 gancia de mis flores. Media hora después, la
2006 4116 3600 4184 luna destacábase hermosa entre las nubes y bri¬
2012 4194 3588 4262 llaba con todo su esplendor, cual la verdad
2018 4266 3600 4334 que se abre paso para alumbrar el mundo.
2018 4355 3600 4423 Embelesada vo por los encantos de la Natu¬
2006 4433 3606 4501 raleza y por lo apacible de la hora, me bajé
2006 4505 3606 4572 al jardin y ahí entre los rosales lirios, azu¬
2006 4576 3612 4650 cenas, nieves, escarlatas, rosas y otras diversas
2113 4654 3606 4722 hermosas plantas, pense en la vida tran¬
2012 4731 3600 4799 quila y feliz que lleváran nuestros primeros
2006 4815 3618 4871 padres Adan y Eva en aquel jardin de delicias
2442 4881 3176 4943 Termina en la página 332
483 5060 1648 5164 INIT EAL
1743 5078 3546 5164 LITERI STADLE
310 5239 3600 5307 LOS METORES VEHICULOS OUE HAY EN EL EATREMO ORIENTE
1271 5346 2657 5414 Cervantes no 380.—Teléfono 9.
