4075 5992
1909 259 2405 327 FILIPINAS"
507 462 2064 518 at
698 611 1921 667 HERMOSURA E HIUTENE
507 766 2082 828 A
1080 868 1533 930 Continuación,)
578 951 2070 1013 Queda, pues, sentada la conveniencia del des¬
495 1029 2088 1085 canso diario de las manos. Luego viene el
501 1094 2088 1156 ejercicio premeditado de la muñeca. Se de¬
513 1172 2076 1246 jerá caer el braza en toda su extensión y en¬
501 1256 2082 1312 tonces se moverá la mano de atrás á delante,
501 1321 2053 1383 Es buena práctica hegiénica que facilila la cir
501 1405 2070 1455 culación y le da flexibilidad á los músculos.
507 1476 2082 1532 Este aspecto de la flexibidad es otro de las que
507 1548 2082 1610 contribuven á la belleza de las manos. Las hay
501 1632 2088 1682 que carecen de ella en absoluto, que tienen la
489 1703 2070 1759 rigidez desagradable de la piedra. El ejercicio
513 1781 2064 1843 por excelencia es la práctica del piano. Para
489 1858 2088 1908 conseguirlo no es enteramente indispensable
495 1930 2076 1986 dicho instrumento. Basta una superficie cual¬
489 2008 2059 2058 quiera, la mesa, el tocador, ete. Por algun rato
489 2079 2070 2135 cada día, se movería los dedos como para tocar
489 2157 2064 2213 el piano, teniendo cuidado de acentuar la pre¬
495 2240 1730 2290 sión sobre cada dedo en particular,
572 2312 2082 2362 El menos observador habrá advertido que
483 2384 2082 2434 no todos los dedos se mueven con la misma
495 2455 2070 2511 Inarza y facilidad. A estos debe atenderse en
513 2533 2076 2595 particular. Otra buena práctica es la de apli¬
489 2610 2070 2660 car la mano abierta sobre una superficie plana
495 2676 2070 2732 de modo que cada uno de los dedos diste del
489 2760 2082 2810 otro todo lo posible y que la palma de la mano
495 2831 2082 2887 toque en toda su extensión dicha superficie. Este
489 2909 2076 2959 ejercicio es conveniente nun más para las perso¬
489 2980 2064 3030 nas que cultivan el píano. Da elasticidad y sol¬
507 3064 2059 3114 tura importantísimas en los ejercicios musicales.
566 3124 2070 3180 Pero ni la forma ni la flexibidad son suficien¬
489 3201 2076 3257 tes para la belleza de las manos, Es indespen¬
489 3285 1945 3341 sable el cuidado diario, de cada momento,
561 3356 2064 3406 Las atenciones necesarias á este respeto estan¬
489 3428 2082 3484 tan al alcance de la modesta ama de casa como
501 3506 1503 3562 de la dama mas encopetada,
561 3571 2070 3633 Los trabajos rudos del hogar pueden efec¬
501 3649 2076 3705 tuarse con unos guantes ó género grueso, para
501 3732 2059 3788 preservar la mano del efecto del roce y el polvo,
561 3792 2070 3854 Cuando el polvo se adhiere á las uñas es
501 3870 2059 3926 difícil resaloiarlo. Lo mismo sucede con la
495 3953 2053 4003 piel, que á la larga se vulgariza y obscuren.
489 4019 2059 4081 El frotarsa las manos con vaselina pura ó cola
489 4102 2064 4152 crea, antes y despues de lavarse es prác¬
489 4168 2082 4224 tica muy conveniente para aquellas señoras que
489 4246 2076 4308 desempeñan por si mismas las tareas caseras,
495 4323 2076 4373 no obstante, debe procurarse humedecer las
495 4395 2064 4451 manos lo menos posible porque el agua y los
495 4472 2082 4528 labones disminuven la grasa natural y resecan
489 4544 2059 4600 la piel. La operación poco estética de lavar
471 4616 2070 4672 los plalos puede resultar agradable si se hace
477 4693 2076 4749 con las debidas precanciones. Ya provista de
477 4765 2070 4827 antemano, con los guantes de goma se tomara
2202 462 3724 512 DELITO DE LESAPATRIA
2560 569 3377 619 Conclusión de la página 22
2148 653 3765 709 clavo, si éstas apáticas, permanecen en la
2166 736 3509 792 inactividad y en la más crasa ignorancia.
2249 802 3753 864 Y la mujer que, comprendiendo la verdad
2166 874 3753 941 de esta ley universal y que no ignora que como
2178 951 3759 1019 parte integrante es para ella un deber impres¬
2166 1023 3747 1085 cindible é ineludible servir al suelo que le
2160 1100 3747 1156 vió nacer no lo hace, comete el más horredo
2166 1184 3216 1240 crimen; el crimen de lesa patria.
2220 1256 3753 1312 Jamás llegaremos á contemplar la refulgonte
2244 1321 3759 1383 brillante aurora de la libertad é indepen¬
2166 1405 3747 1461 dencia de nuestra Patria bajo una base sólida
2160 1476 3759 1532 si nosotras permaneciéramos, como estamos, in¬
2166 1548 3742 1616 diferentes á todo aquello que signifique levan¬
2154 1632 3747 1688 tamiento moral, é intelectual y físico. Nuestra
2166 1697 3742 1765 desventura será perpelua, si nosotras dejamos
2148 1781 3742 1837 el estado actual de nuestra Patria al curso del
2154 1852 3747 1914 acaso y sin que hagamos algún esfuerzo de nues¬
2148 1930 3747 1986 tra parte para la consecución de su ideal. Es
2172 2008 3759 2069 preciso, compatriotas nuestras extender más la
2166 2091 3730 2141 vista en busca de nuevos y vastos horizontes,
2160 2151 3742 2213 secundar sin miramiento de nadie toda idea¬
2148 2222 3742 2290 que tienda á promover el bien común; y solo
2148 2300 3747 2362 de este modo comprenderemos el verdadero es¬
2148 2384 3747 2451 píritu de sacrificio que debe reinar en nuestros
2148 2461 3747 2511 actos para con una causa noble, patriotica: LA
2154 2545 2518 2595 REDENCION.
2255 2694 3694 2750 Esta es una ocasión que deben aprovechar
2196 2765 3682 2827 todas las madres de familia. Es una verda¬
2184 2837 3682 2899 dera ganga el JAMON PINA que vende Vi¬
2208 2927 3568 2983 cente E. Genato en su almacen,
2679 3028 3628 3084 Escolta 154 y 160. Manila.
2148 3195 3730 3251 un estropajo y jibon de borade con lo que se
2166 3267 3753 3329 proceder al lavado. Esta cuestión de la clase.
2154 3338 3742 3400 de jabon es importante. La mayoría de esos
2148 3422 3730 3484 jabones baratos que se emplean para estos casos
2154 3494 3736 3556 contienen sustancias que enrojecen la piel
2190 3565 3730 3621 la hacen ásnera. Primeramente se enjabona
2148 3649 3742 3699 bien el plato y acto continuo se para por el
2148 3714 3742 3770 ngua. Es preferible que sea caliente para que
2148 3792 3742 3848 arrastre más fácilmente la grasa; de este modo
2154 3870 3724 3926 se evita el remojarse las manos hasta un ex¬
2142 3941 3730 3997 tremo perjudicial. Es conveniente cuando se
2154 4019 3730 4075 ha concluido, secarse cuidadosamente las manos
2154 4096 3736 4152 envolverlas con unos guantes antes de exponerlas
2136 4168 3736 4224 al aire. Para restaurar la piel y quitar esas
2148 4240 3730 4296 nirugas características que aparecen cuando se
2154 4311 3747 4373 está mucho rato en contacto con el agua, basta
2154 4395 3747 4445 bañar las manos en vinagre y frotarlas con
2142 4466 3747 4528 cold cream. Una magnífica pomada para este
2148 4544 3747 4600 proposifo os una mezcla en partes iguales de
2148 4622 3742 4678 cera blanea, espermaneceli y aceite
2136 4699 3103 4755 delalmendras dulces.
3169 4765 3664 4821 (Se Continuará)
984 4968 1187 5024 P
537 4974 960 5077 I
2512 5027 3097 5083 A
1909 5021 2148 5083 E
459 5153 3747 5221 LOS MEJORES VETICULOS DE TIA EN EL ERTREMO ORIENTE
1426 5248 2793 5310 Cervantes no 380.—Toléfono 9.
