4075 6007
352 462 1982 542 ala
686 623 1731 691 MULTIMILLONARIAS SOCIALISTAS
2066 486 3642 566 CA
2066 647 3576 727 E La lucha contra la eniermedad de la pereza
376 767 1988 858 cado
471 880 1976 960 Paris, 30 Diciembre.—Las señoras multimi¬
388 958 1970 1038 llonarias vanquees, entre las cuales está actual¬
382 1023 1964 1109 mente muy de moda el espíritu democrático.
382 1095 1964 1181 han tomado partido por la huelga que recien¬
370 1173 1982 1264 temente han planteado las costureras de blusas
358 1250 907 1324 de Nueva York.
417 1328 1946 1408 La célebre Ana Morgan, hija del famoso rey
364 1400 1958 1491 de los reyes del dollar, es la presidenta del
358 1471 1970 1563 Sindicato huelgnista, y ayer, acompañada de
370 1555 1964 1635 su hermana Alina y de algunas amigas archi¬
364 1626 1964 1718 millonarias como ellas, se trasladó al barrio en
364 1710 1743 1784 que las costureras celebraban una reunión.
417 1782 1958 1862 Al verlas llegar en lujosos autemóviles y en¬
364 1847 1946 1939 vueltas en riquísimas pieles, las huelguistas
346 1919 1922 2011 creveron que aquellas elegantes damas iban á
358 1997 1928 2088 meeting por puro enobismo, por extrava¬
358 2080 1946 2166 gancia y por pasar el rato; pero pronto se con¬
358 2152 1940 2238 vencieron de que el propósito de aquellas pri¬
364 2224 1952 2315 vilegiadas de la suerte era apoyar eficazmente
352 2307 1027 2375 sus reivindicaciones.
423 2385 1928 2465 Ana Morgan pronunció un vehemente dis¬
334 2444 1934 2542 curso justificando la huelga, y diciendo que
334 2522 1928 2614 este movimiento, que pronto habría de exten¬
334 2594 1934 2692 derse á las demás obreras y á los demás Es¬
334 2677 1946 2763 tados de la Unión, conduciría infaliblemente
334 2743 1934 2835 á una organización sindicalista de todas las cos¬
334 2821 1922 2912 tureras, que las pondría en condiciones de
334 2898 1928 2990 emanciparse del vugo patronal, que tan incon¬
340 2976 1206 3056 sideradamente las explota.
412 3054 1916 3139 Aunque las ideas de Ana Morgan difieren
322 3119 1916 3217 de las de su padre, éste según parece, no la
340 3209 1922 3289 contraría. No ha faltado quien sospeche que
322 3274 1922 3366 ante esta actitud radical de Ana, su padre,
334 3352 1928 3438 iba á desheredarla; pero los hechos desmienten
340 3424 1916 3516 tal suposición pues esta Navidad, Morgan.
322 3495 1880 3587 ha regalado á su hija un espléndido cheque
322 3579 1922 3665 á pesar de saber que gran parte de ese di¬
316 3645 1337 3725 nero sería para las huelguistas.
394 3728 1928 3820 Las costureras en huelga, acompañadas de
322 3800 1916 3886 los estudiantes, hicieron aver una gran ma¬
310 3872 1916 3969 nifestación de simpatía en la quinta Avenida
310 3949 1779 4041 ante la magnífica morada de sus protectoras.
483 4116 1827 4202 Sabed, amables lectoras, que el AMON
406 4212 1833 4298 PINA que se vende en el almacen de
435 4296 1821 4381 Vicente E. Genato es el más ba¬
406 4391 1821 4477 rato de los de su clase por tener mayor peso.
358 4546 1892 4638 Madres, ¿quereis criar á vuestros hijos sanos y
298 4624 1892 4716 robustos para que en el día de mañana sean dignos
292 4708 1886 4793 apoyos de la Pátria querida? Alimentadlos con le¬
298 4779 1450 4871 abricados bizcochos de LA FORTUNA.
2018 4696 3582 4775 Gnstronomos, ¿quereís comer cosas riquíal¬
1988 4755 3564 4841 man? Probad los renombrados bizcochos de LA FOR
1976 4821 3140 4901 TUNA que expende LA ESPERANZA.
2060 814 3666 882 CAS
2137 916 3660 990 Esta dolencia, conocida en medicina con el
2054 988 3660 1061 nombre de unciniaris causa grandes estragos
2054 1065 3636 1139 en las provincias del Sur de los Estados Unidos.
2042 1137 3654 1217 norreando al mismo tiempo importantes pérdidas
2042 1214 3660 1294 económicas. Hace descenios de años ya que
2048 1292 3648 1366 en aquellas comarcas se conoce bajo el nombre
2048 1358 3618 1438 de lazy sickness. una enfermedad consuntiva,
2048 1441 3642 1515 cuyos principales síntomas consisten en que el
2036 1513 3648 1587 enfermo, por ella atacado, muestra dicidida
2030 1591 3642 1664 versión contra todo esfuerzo, por pequeño que
2018 1662 3636 1742 sea sin que, al parecer, su estado de salud le
2036 1740 3636 1814 obligue á guardar cama. Poco á poco se pre¬
2030 1812 3642 1897 sentan todos los síntomas de una fuerte anemia
2030 1883 3624 1975 contra la cual son impotentes todos los remedios,
2036 1967 3624 2047 El paciente se ve atacado á menudo de una
2018 2038 3624 2118 especie de hambre anina, que le induce á
2030 2110 3630 2196 devorar hasta la tierra, la arena y la arcilla,
2018 2188 3618 2268 En el estado de Georgia estos enfermos son
2018 2265 3487 2333 conocidos con el nombre de: "elag eaters.
2095 2337 3624 2417 Hasta hace pocos años la ciencia médica se
2024 2409 3618 2494 vió impotente á esta extraña dolencia. Al
2018 2492 3606 2560 doctor Charles Stiles iniciador de la sección
2006 2564 3612 2638 zoológica del departamento de Higiene le cabe
2006 2636 3612 2715 el mérito de haber descubierto el agente de la
2006 2707 3612 2793 mencionada enfermedad, que resulta ser un pa¬
2024 2791 3618 2865 rásito, el uncinario, que se ve en los intestinos
2018 2862 3612 2942 del hombre nutre principalmente la sangre de
2006 2934 3600 3020 éste. En la antopsia encontró el doctor Stiles,
2012 3018 3606 3092 á menudo, de 700 á 300 de estos parásitos en
2006 3089 2698 3151 el intestino humano.
2077 3167 3606 3241 La gran extensión que éstos han adquirido
2006 3239 3600 3319 en las provincias Sur de la Unión, es debido
1994 3316 3600 3390 al lamentable atraso de la higiene pública en
2012 3394 3594 3474 aquellas regiones, donde faltan hasta las más
2012 3477 2973 3533 primitivas medidas sanitarias.
2077 3537 3582 3617 El número de personas atacadas de la lazy
2000 3615 3588 3689 sickness se calcula en millones. El trata¬
1994 3692 3588 3766 miento de esta enfermedad es considerado como
1994 3764 3594 3844 sencillo y consiste mayormente en la aplicación
2000 3842 3582 3916 de timol y de sulfato de magnesia. El coste
1994 3907 3588 3999 del tratamiento por persona no excede de un
2000 3991 2203 4047 dollar.
2083 4063 3588 4143 El arcbimillonario Mr. Rockefeller acaba de
1982 4134 3588 4214 destinar un millón de dollars para la lucha
1982 4212 3576 4292 contra la mencionada dolencia. Pero antes que
1982 4284 3576 4369 nada es menester ilustrar á la población de
1982 4361 3594 4441 las comarcas infestadas respecto á las causas
1988 4433 3576 4519 de esta enfermedad á fin de que consientan en
1988 4505 3576 4590 someterse al tratamiento y á las medidas sani¬
1988 4588 2669 4650 tarias indispensables.
1791 301 2322 369 FILIPINAS"
429 5012 662 5068 A
704 5042 3457 5152 INIS ENTAE EVER SPADLE S
280 5191 3558 5307 LOS MEJORES VEHICULOS DUE HAY EN EL EANEMO ORIENTE
1236 5305 2627 5396 Cervantes no 380.—Telélono 1.
