4036 5965
579 384 740 440 332
1809 331 2310 411 FILIPINAS"
417 546 2006 608 para
788 695 1695 769 NOTICIAS VARIAS
435 838 2024 918 adado
2280 516 3493 596 La Mujer y las Flores
531 946 2024 1020 —El conocido revolucionario Sr. Sixto Lopez
447 1023 2012 1097 ha reiterado su petición hecha al ex gobernador
453 1095 2012 1163 Smith de que se le permitiera venir á las islas
441 1173 2012 1246 sin cumplir con los requisitos de costumbre para
453 1256 2012 1312 pasar un mes de vacaciones en Los Baños, Mr.
441 1328 2024 1390 Forbes no tiene inconveniente en acceder á su
441 1394 2006 1467 petición toda vaz que á la misma había acce¬
441 1471 2012 1545 dido ya Mr. Smith, pero considera que se le
447 1543 2018 1623 debe exirir una fianza de 1500 y el juramento
447 1650 829 1700 de rubrica,
537 1698 2024 1766 —Una señora llamada Wenceslawa Daman
453 1770 2024 1844 de unos cincuenta años de edad residente del
453 1853 2024 1921 Barrio de Mangalan, se ha suicidado tomando
453 1925 2024 1999 una respetable dosis de permanganato potásico
459 2003 2012 2076 mientras su marido que es presidente de Capiz.
459 2074 2006 2148 sa hallaba ausente haciendo algunas visitas.
441 2146 2024 2220 Begún el muchacho de la casa, la infeliz adoptó
453 2223 2030 2303 todas las precanciones necesarias para consumar
453 2295 2012 2375 su crimen. Primero salió á la cocina con la bo¬
447 2385 2030 2453 tella que contenía el veneno. Alli apuró este
459 2444 2012 2518 y una vez hecho esto entró en su cuarto ten¬
453 2522 2024 2602 diéndose en su propia cama. Poros minutos
459 2594 2036 2679 después comenzó á critar pero todos los esfuer¬
453 2677 2036 2751 zos que se hicieron para salvarla resultaron
453 2749 2030 2829 inútiles. Su marido llegó cuando va agonizaba
525 2821 2036 2906 Hace pocos días fué asesinado en el camino.
459 2910 2036 2972 de Renguet el individuo Marcelino Aguna, de
465 2982 1851 3056 12 años de edad, natural de Pangasinan.
555 3047 2036 3127 El asesino no ha sido preso y el móvil del cri¬
465 3131 1677 3205 men créese que habrá sido el robo
537 3203 2042 3271 —El defe de los agentes en Manila de la Ofi¬
465 3280 2048 3348 cina de Rentas internas, Mr. C. J. Fffe, ha¬
471 3346 2018 3426 presentado la dimisión de su cargo con efec¬
483 3430 1695 3498 tividad el lo de Febrero pióximo.
537 3501 2036 3569 —El Comisionado Sumulong ha obtenido del
483 3573 2042 3653 Secretarin de Guerra una licencia de seis meses
465 3651 2042 3724 á rarlir del Lo de Marzo venidero con el fin
471 3722 2048 3796 de reponerse de su solud algún tanto quebran¬
465 3824 662 3880 lada.
543 3877 2048 3939 —E Sherifl de Manila vendió en nública,
477 3949 2048 4029 subasta el título y la imprenta de "El Re.
465 4027 2054 4101 nacimiento para ejecutar la sentencia recaida
495 4098 2077 4178 por el comísionado Mr. Dean C. Worcerter
477 4188 1247 4244 Secrelario del Interior.
543 4242 2059 4322 El derecho al título y publicación de "E
489 4313 2077 4399 Renaciniento y "Muling Pagsila se lo quedó
483 4397 2077 4471 el comisionado Worcerter por mil pesos, contra¬
483 4480 1988 4554 reiscientos á que pujaron sus antiguos dueños,
555 4546 2054 4626 Los muebles y libros no hinotecados se ven¬
489 4624 2071 4692 dieron en cuetrocientos cuarenta y dos pesos
489 4719 1128 4781 á varias personas.
549 4767 2059 4847 La maquinaria y los tipos se vendieron en
489 4839 2071 4925 un peso á Schmidt y Zeigler que las tenían
489 4934 1707 5002 hipotecados en veintidos mil pesos.
2089 731 3707 811 llamado "Paraiso Terrenal que cuenta la His¬
2077 838 2561 894 toria Sagrada.
2161 952 3696 1037 Ahora se me ocurre preguntar, porqué los
2095 1035 3702 1109 escritores siempra que hablan de las mujeres.
2083 1107 3690 1193 las comparan con las flores? es que ciertamente
2089 1173 3684 1258 existe alguna semeianza entre ellas? jó os por
2095 1256 3690 1336 la innata afición que éstas tienen á las flores?
2101 1334 3690 1414 Las flores según la frase de un moderno y
2089 1405 3684 1485 elegante escritor, son las estrellas del suelo; y
2095 1471 3707 1563 sin duda Dios cre éstas estrellas para que las
2089 1549 3696 1641 mujeres hallen en ellas la alegría en sus horas
2113 1662 2561 1718 de expansión.
2179 1698 3713 1796 La mujer, cuando niña halla su dicha y su¬
2113 1782 3702 1867 placer en corretear por una pradera ó por un
2101 1853 3690 1951 jardin para cojer las flores; cuando ovencita,
2101 1931 3678 2017 estudiosa en las flores halla su descanso y
2107 2009 3678 2088 necreo, porque ellas son el rocio que vivifica y
2101 2080 3696 2166 refresca su cansado cerebro. La jóven madre.
2101 2152 3690 2244 despues de sus quehaceres domésticos, dedica
2101 2229 3702 2315 algunas horas al cultivo de las plantas que
2107 2295 3707 2393 más le agradan para solaz y entretenimiento
2113 2373 3696 2465 de ella y de sus tiernos y amantes niños. El
2119 2450 3696 2542 jardin es una pequeña escuela donde la mujer
2131 2528 3713 2620 puede aprender con sus observaciones, algunas
2119 2594 3713 2685 virtudes. Los rosales, lirios, azucenas simbo¬
2125 2677 3707 2763 lizan la pureza, la sencillez y la modestia de
2125 2749 3713 2847 la mujer, su exquisita fragancia es el ambiente
2131 2821 3707 2912 perfumado que se aspira al lado de una mujer
2131 2898 3719 2990 virtuosa. Las alejandrias, condesas y otras
2125 2982 3707 3068 rosas y su delicioso nroma simbolizan la risa.
2113 3047 3707 3139 la juventud, la hermosura y el amor de la
2119 3119 3713 3211 mujer sus espinas, son los sinsabores con que
2113 3197 3713 3289 tropieza la mujer algunas veces, durante su
2113 3316 2483 3366 existencia.
2185 3358 3719 3444 En fin, sería necesario escribir una larga
2113 3430 3690 3509 serie de artículos para enumerar las flores y
2131 3495 3737 3593 lo que cada una de ellas simboliza y la enses¬
2131 3609 2782 3665 ñanza que encierra.
2985 3657 3648 3724 NATIVIDAD PARCON.
2131 3788 2961 3844 Pototan, 5 Febrero. 1910.
2191 3919 3719 3993 La subasta produjo, pues, mil cuatrocientos
2137 3991 3719 4071 cuarenta y tres pesos. Para cubrir el resto de
2125 4063 3719 4142 la suma hasta los sesenta mil pesos de la sen¬
2137 4140 3731 4214 tenuia y las costas han sido embargados los
2143 4218 3737 4292 bienes particulares de los Sres. Martin Ocampo.
2155 4289 3731 4369 Teodoro M. Kalaw. Lope K. Santos. Rafael
2137 4373 3719 4441 Palma. Arcadio Arellano. Angel José. Galo.
2149 4439 3737 4519 Lichanco. Felipe Barretto y Gregorio M. Can¬
2137 4510 3737 4590 pipit, á quienes se ha declarado judicialmente
2149 4588 3737 4662 responsables solidaria y mancómunadamente
2137 4684 2692 4745 de dicho libelo.
2280 4737 3743 4811 El Renacimiento ha pasado, pues, á ser
2167 4809 3743 4895 propiedad de Mr. Dean C. Worcerter y no po¬
2143 4898 3385 4966 drá reaparecer sino con otro título.
555 5113 3164 5181 IMPERIAL LITERI STALE
603 5215 3660 5331 LOS MEJORES VEHICULOS QUE HAY EN EL ENTREMO ORIENTE
1415 5340 2740 5414 Cervantes no 380.—Teléfono 1.
