4048 6046
1690 355 2210 417 FILIPINAS"
519 588 1051 656 ABANICOS
2867 594 3447 644 GRAN SURTIDO EN
1601 600 2353 656 BAZAR.
2855 683 3435 739 Penetas con
430 689 1081 739 Porta abanicos
543 767 1021 835 Sombreros
1368 773 2527 835 LA PUERIA DE SOL
2861 779 3423 841 y In ped
537 845 1027 907 Costareros
2807 869 3500 925 Crepe-POSITO
1636 928 2306 984 49 Escolta 49
394 940 1129 1002 HITOYAIONES
2975 940 3279 1002 Y RIO
322 1131 1911 1193 CAMAACORO
448 1281 1744 1355 LO OUE ES SUFRTR
316 1448 1905 1504 adadicado
997 1544 1893 1594 Sinceramente ésta narración de¬
931 1609 1881 1659 dico á mis distinguidas compobla
931 1675 1553 1731 nas Zamboangneñas.
394 1753 1887 1809 En uno de los barrios cercanos de la ca¬
334 1836 1893 1886 pital Zamboangueña, se destáca una pintoresca
310 1908 1911 1964 casita no lejos de la ribera del mar, cerca de
316 1980 1887 2036 un campo lozano. Su aspecto pintoresco y
310 2063 1881 2113 poético, contribuve á demostrar la quietud y
316 2129 1893 2185 pociego del sitio en que se halla, A su alre
316 2207 1881 2269 dedor crecen innumerables plantas silvestres y
298 2279 1893 2334 domésticas que exhalan al ambiente balsámico
310 2356 1899 2412 roma, y el sol que engalana el color de las
298 2428 1899 2484 flores, representa un cuadro encantador y ntrae¬
310 2506 1893 2562 tivo. En anuel silencieso lugar se vé un trans¬
310 2571 1893 2639 portado en un mundo desconocido, oculto por
310 2655 1266 2711 la vista de séres humanos.
400 2727 1869 2783 Vive en la casita campesina, una linda jóven
310 2804 1893 2866 huérfana de padres, con una hermana y unn
298 2882 1881 2938 día. Su remblante triste y meditabundo de¬
298 2954 1875 3010 muestra que sufre una enfermedad físien y moral
316 3031 1887 3087 El color nacarado, los cabellos negros como el
298 3103 1899 3159 azabaclie que caen por dos largas trenzas sobre
298 3175 1887 3231 su espalda, y su esbelto talle gentil, le hacen
304 3252 1887 3308 más bella representando su conjunto un verda¬
298 3324 1875 3386 dero tipo genuino zamboangueño, nacida en la
304 3402 1613 3464 Perla de Oriente de los tropicales mares.
346 3473 1881 3535 Si Luna, el inmortal pintor Filipino exis¬
298 3551 1905 3607 diese y la viera, sin duda inmortalizaría su¬
298 3623 979 3685 rostro en el liengo.
370 3700 1899 3756 Ella es bastante estudiosa, y durante algun
298 3772 1875 3828 tiempo reiente con exactitud y aclividad el
298 3850 1863 3906 magisterio de varios pueblos de la provincia.
304 3921 1899 3983 más hoy se encuentra como una plánta pará
298 3993 1881 4067 sita, sin fuerzas y sin vigor, tionchada muy
316 4083 1642 4133 jóven por el vetidabal del sufrimiento.
370 4148 1881 4204 Aquel pobre ser que podía nún emplear el
298 4220 1893 4276 tiempo de la flor de su inventud en distrac-
298 4292 1893 4354 ciones propias á sus juvepiles años despreció
310 4370 1887 4431 el bullicio de la ciudad, y buscó el lenitivo
298 4447 1887 4503 de sus sufrimientos en la soledad, en el retiro,
304 4525 1899 4575 donde la apacible calma reina y el pensamiento
304 4597 1893 4658 distrae con la naturaleza. Su salud decae cada día,
292 4668 1881 4724 en vancllos médicos la prodigan toda clase de medi¬
304 4752 1893 4802 camientos, Cuando la enfermedad moral es la que
304 4824 1893 4874 arraiga en un corazon sensible, entonces la ciencia
286 4895 1899 4951 es impotente ante el mal que sufre la paciente.
2025 1143 3602 1199 Una tarde en que el rey de los astros se
1983 1221 3596 1277 acercaba á su ocaso y estando ella recostada en
1983 1287 3596 1355 una perezosa casi desfallecida principió arti¬
1989 1364 3590 1432 cular frases ininteligibles que apenas se podían
1983 1442 3590 1504 pir. Daspués de un corto rato y en una voz
1989 1520 3596 1576 casi imperceptible y acento molancólico diio á
1983 1591 3578 1653 su hermana: "Sabes que siento presagios tristes
1983 1663 3590 1731 y estos instantes son aciagos para que mis su¬
1971 1747 3590 1803 frimientos césen? Sí, mis sufrimientos cesarán;
1971 1818 3584 1892 ves eso sol que parece que esta próximo á
1971 1890 3572 1952 expirar? Pues nsi como su luz va desapare¬
1971 1968 3566 2030 ciendo lentamente asi tambien se ya extin¬
1989 2040 3578 2101 quiendo mi vida Su conversación fué pertur¬
1989 2117 3578 2185 bada por una foz seca y violenta que la hizo
1971 2195 3578 2257 amodorrar. Ya era así de noche cuando abrió
1971 2279 2592 2334 sus languidos ojos.
2043 2350 3584 2406 No re oía nada, más que el silbido del viento
1977 2422 3566 2484 entie las hojas de las plantas y el continuo
1977 2500 3566 2550 murmullo de las olas La suave brisa mezclada
1983 2565 3584 2633 con el aroma de las flores acariciaba su palido ros¬
1977 2649 3572 2705 tro. Despues de una pausada meditación de su vi¬
1977 2727 3572 2777 da, pronunciaron sus labios el lenguage de la
1989 2798 2246 2854 bración.
2019 2876 3560 2926 Cuando terminó aplicó su hermana un copa
1959 2948 3560 3004 de cordial en la boca para reanimar sus fuerzas.
1959 3025 3572 3075 despues rompió ella el silencio, y dijo: Querida
1965 3097 3572 3153 herman; todo lo que me rodea no tardará el día
1965 3175 3572 3231 en que ya no vuelva á ver. El verdoso campo que
1977 3252 3566 3302 no canso de admirar todas las mañanas y tardes,
1971 3330 3554 3386 el ruido dé las olas, el trinar de las aves y
1971 3396 3572 3452 todo cuanto de admirable tiene la naturaleza
1971 3473 3566 3529 no volverán mís ojos á posar sobre ellos, mis
1971 3551 3560 3601 oidos ya no oirán vuestras canciones, mis frases
1971 3623 3566 3679 enmudecerán para siempre en el sueño eterno,
1971 3700 3255 3756 El, nunca mas me verá sufro tanto...
2049 3772 3578 3828 Esta ultima frase principió con una lánguida
1971 3844 3560 3900 sonrisa y terminó con dos gruesas lágrimas
1983 3921 3572 3971 que corrieron por sus mejillas y otra vez la
1971 3993 3554 4049 toz seca y violenta la interrumpió cavendose
1977 4071 3578 4121 despues en letárgico sueño acariciando en su
1965 4142 2945 4198 mente aquellos pensamiento
2049 4220 3566 4282 ¡Pobre ser! ¡ánto sufre! Su hermana postró
1977 4292 3566 4348 de rodillas delante de una imágen de la Virgen
1977 4370 3566 4437 y entre sollozos pidió la salud de la enferma.
2037 4447 3560 4497 Ante aquel cuadro conmovedor, la persona
1977 4519 3554 4569 que tuviese un corazon empedernido compa¬
1959 4585 3560 4647 decería y su cor zon vería desgarrado de com¬
1977 4668 3321 4730 pasión ante aquellas pobrecitas huerfanas.
2975 4782 3494 4838 ISABEL CORTEZ.
1965 4901 3082 4957 Zamboanga S de Febrero de 190.
352 5074 704 5142 S E
800 5086 3429 5172 INIT ENIAE EVE STADLE
280 5242 3584 5304 LOS MEJORES VEHICULOS DUE HAY EN EL EATREMO ORIENTE
1230 5343 2604 5405 Cervantes no 380.—Teleciono 1.
