4061 6073
818 402 3188 500 REGISTRADA COMO CORRESPONDENCIA DE SEGUNDA CLASE
3236 570 3654 620 Núm. 39.
1194 576 2902 649 Manila, I. F.. Sabado 22 de Enero de 1910
406 623 734 673 Año I.
1677 1824 1827 1886 P
1815 2116 3618 2220 A MANAL O EDA
2125 2612 3553 2662 POR Y PARA LA MUJER
2078 3269 3654 3349 Hagan os que comprendan nuestros hijos el abis¬
2024 3382 3666 3450 no existente entre el sentimiento patriótico y el
2000 3484 3666 3558 goismo mal llamado patriotismo, en nombre del
2000 3591 3666 3653 cual los pueblos fuertes oprimen á los débiles, en
2000 3693 3678 3761 nombie del cual la-Europa del siglo I tomó las
1994 3800 3678 3868 armas para quiméricas reivindicaciones y el alba del
2000 3908 3678 3976 nuevo siglo tuyo que piesenciar inauditas violencias.
2066 4111 3660 4179 Ipatalastas natin sa ating mg᷉a anak na ang pag¬
1994 4218 3678 4292 luha ay aring sarili ng᷉ mg᷉a walang magagawa.
2072 4326 3666 4394 Ang Bayan kung nagtabangon sa kaniyang pag¬
2012 4427 3696 4501 kalugan, ang Bayan kung naghihigantí, pama¬
2000 4529 3708 4609 mayani at humaharap ng toong bangis sa sumi¬
1994 4642 3726 4710 siilang kaniyang nga dakilang katwiran ay hindi
2012 4756 2346 4818 lumuluha.
