4048 6086
2321 635 2696 697 G
334 784 3651 858 SEMANARIO ILUSTRADO DE CIENCIAS, LITERATURA, BELLAS ARTES, MEDICINAS CASERAS, HIGIENE Y CONOCIMIENTOS
1575 867 2422 917 UTILES A LA VIDA PRÁCTICA.
1109 927 2905 995 DEDICADO EXCLUSIVAMENTE A LA MUJER
358 993 3615 1073 La mujer sabla edifica de la nada su casa; mas la mujer insensata lejos de edificar una casa que no existe, destruye con
1384 1082 2625 1144 sus manos la que existe ya. Prov. XVIII.
1127 1178 2858 1240 SALE Á LUZ LOS DÍAS 8, 15, 22 Y FIN DE CADA MES.
346 1273 3621 1353 rector, CONSTANCIA POBLETE—Tel., GOS—DIRECCION TELEGRAFICA: "FILIPINAS.—AGINISTAGOTA, ROSARIO LA
358 1381 3621 1460 Precios de subscripción: P0.30 al mes en Manila y P1.20 trimestre en provincias. Ex¬
793 1476 3216 1544 terior P500 semestre. Pago adelantado. Números Sueltos O'10 céntimos.
775 1548 3204 1610 Redaccion y Administracion, Escolta 75, Cuarto no S
805 1643 3227 1711 Todos los cheques y giros postales se extenderán á la orden de FILIPINAS.
1151 1804 2887 1866 Manila, I. F., Sábado, 22 de Enero de 1910.
3186 1804 3591 1860 Núm. 39.
471 1828 781 1878 Año I.
358 2001 1103 2069 E
1282 2001 1491 2057 E
471 2174 1843 2230 EL SENVICIO DE CORREOS
2297 1995 2464 2051 E
2529 1995 2762 2051 E
2338 2168 3305 2224 LA MUJER CASADA
2285 2317 3144 2367 O
1253 2317 1515 2373 E
1819 2317 1963 2373 S
883 2323 1109 2379 E
441 2425 1963 2481 Hace días que, varios colegas de la capital
369 2502 1963 2564 y de provincias han hablado acerca del mal
369 2574 1969 2624 rervicio que los correos de algunas provincias
375 2645 1963 2701 tienen, y, no obstantes las quejas siguen siempre
358 2723 1951 2773 piendo tan frecuentes y continuas y es por¬
369 2801 1951 2851 tanto deber nuestro hacernos eco tambien del
358 2872 1951 2934 clamor público para que los defectos de orga¬
358 2956 1193 3012 pización rean corregidos.
447 3021 1951 3077 Diariamente casi, recibimos carlas de nues¬
363 3093 1945 3155 tras subsoriptoras en donde nos alegan que mu¬
358 3171 1963 3227 chas de ellas no reciben más que una ó dos
369 3236 1050 3304 veces nuestra revista,
441 3326 1939 3376 Realmente, el correo que es un ramo impor¬
375 3391 1957 3453 tante y que debiera merecer tanta atención de
375 3463 1957 3537 parte de los antoridades, vemos con senti¬
369 3546 1957 3602 miento que está completamente abandonado en
358 3624 1020 3674 muchos municipios.
447 3690 1933 3752 No sabemos si nor falta de instrucciones es¬
369 3773 1963 3835 pecíficas de los Jefes del Servicio Central de
358 3839 1945 3895 Correo es por lo que eso sucede, pero la verdad
358 3922 1957 3972 es que las muchas deficiencios que se cometen
358 3994 1939 4050 en el despacho de la correspondencia en mu¬
358 4066 1951 4122 chos de los pueblos nos ocasionan grandes per¬
369 4143 1951 4199 inicios si como tambien al público á quien se
358 4221 1611 4271 dehe dar toda la consideración debida.
441 4292 1933 4348 Y si es que están en manos de las antori¬
369 4370 1933 4426 dades municipales, como sabemos que lo están.
375 4447 1963 4503 el arreglo del buen servicio de los despachos
363 4513 1939 4569 de las corresnondencias en sus respectivas in¬
363 4603 1945 4653 risdicciones recomendamoles efiesamente para
369 4668 1951 4724 que en adelante se corrijan lasanomalías que se
358 4746 1807 4802 observan constantemente para el bien común.
399 4859 1921 4915 Madrs, ¿quereis criar á vuestros hijos sanos y
352 4925 1939 4975 robustos para que en el día de mañana sean dignos
346 4984 1939 5046 apoyos de la Pátria onerida? Alimentadlos con los
334 5050 1491 5118 abricados bizcochos de LA FORTUNA.
2327 2407 3347 2469 SUS DEBERES Y SUS DERECHOS
2225 2508 3442 2570 (Dedicada á las lectoras del FILIPINAS
2112 2568 3621 2636 La mujer casada debe reflexionar bien las
2046 2645 3621 2707 obligaciones que su estado la impone, los de¬
2040 2717 3621 2785 beres que una madre de familia está obligada
2028 2801 3627 2857 á cumplir estrictamente y los derechos que la
2028 2884 2953 2934 asisten en el seno del hogar.
2106 2956 3615 3012 La mujer en el hogar, es la que reina y
2034 3027 3627 3083 ordena los quehaceres domésticos. La limpieza,
2040 3099 3627 3155 el órden general, la economía y el buen gusto
2028 3165 3609 3227 tienen que ser ordenadas y regidas con tran¬
2040 3254 3597 3316 quilidad de espíritu, dulzura de carácter y
2028 3326 3609 3382 suavidad en las palabras, y siempre con la
2016 3403 3609 3459 anuncin del esposo para la conformidad y
2034 3487 2875 3537 buena armonia de ambos.
2088 3546 3603 3602 La mujer no debe imponer leves ni tratar
2028 3624 3609 3680 con despotismo al esposo como con frecuencia
2034 3696 3597 3758 se vé cuando éste es de escasa instrucción y
2028 3779 3609 3829 cultura ó cuando no ha sido favorecido por
2028 3845 3597 3901 la fortuna. Antes de emprender cualquier ne¬
2022 3922 3603 3990 gocio ó alguna obra que es necesaria la inter¬
2034 4006 3609 4056 vención del esposo, la mujer está obligada á
2028 4077 3615 4127 consultarle antes, como tambien participarle sus
2028 4143 3603 4211 penas y desazones, sin concitar con ello el
2016 4221 3609 4277 ánimo contra la persona que la ha ocasionado
2022 4304 2386 4360 la desazón.
2088 4364 3603 4432 La esposa nunca debe privar á su esposo
2028 4435 3597 4497 horas de soláz y expanción, sobre todo des¬
2034 4519 3609 4581 pues de un fatigoso dia de trabajo. Una madre
2016 4597 3615 4647 de familia no debe tambien posponer los que¬
2028 4662 3591 4724 haceres de su casa á la ociosidad ó á los vi¬
2022 4746 3597 4808 cios del juego, y la completa disipación del
2028 4823 3603 4879 poco sueldo que su esposo encuentra con su¬
2016 4901 2273 4963 trabajo.
2094 4967 3603 5028 Evitarle todo diegusto, ahorrarle quejas ó
2422 5044 3192 5106 Continuna en la página 310
393 5205 775 5273 S
2428 5233 3096 5303 STAD L
2195 5241 2374 5303 Y
1825 5241 2153 5309 NE
1312 5241 1676 5309 NAL
859 5247 1253 5303 IPL
1724 5354 1927 5416 DUE
1992 5360 3609 5410 HAY EN EL ERTREMO ORIENTE
328 5360 1676 5416 LOS METORES VEHICIILLOS
1288 5438 1682 5488 Cervantes
1730 5444 2673 5494 no 380.—Telélono 1.
