3903 6059
525 474 686 530 310
758 635 1641 703 La mujer casada
752 719 1629 792 Continación de la página 309
393 802 1981 876 celos infundados que le ocasione hastio y mal
393 880 1975 960 humor, ni tampoco es conveniente que por
399 951 1969 1031 cosas fútiles se riñan echándole en cara defectos
399 1029 1975 1109 de familin ó su vicios pasados. Si por des¬
399 1101 1987 1198 gracin noteís nue vuestros esosos se alejan
393 1172 1993 1258 más de lo regular del seno de la familia, de¬
393 1256 1993 1330 bereis de llamarles la atención con palabras
399 1327 1993 1413 cariñosas haciendoles presente el porvenir, lo
393 1405 1975 1479 inconveniente de su conducta y el trastorno del
393 1483 1981 1557 hogar Pues dice un celebre escritor que más
393 1554 2005 1634 se cogen muchas moscas con una gota de miel
382 1620 1420 1706 que con una tinaja de vinagre
477 1704 2005 1783 Algunos maridos se vuelven malos por sus
411 1781 1987 1861 esposas: la bondad del hombre ó la redención
405 1859 1981 1921 de éstos si son malos por naturaleza, depende
393 1930 1993 2004 en gran parte de la conducta y del carácter
399 2008 1886 2082 de la mujer que se une á ellos por compañera.
495 2074 2005 2159 No os desanimais en redimir á vuestros es¬
388 2151 1987 2237 posos si sabeis que verdaderamente faltan á
393 2223 1993 2303 sus deberes y sa desvían de su camino; ocul¬
405 2300 1993 2374 tad en el fondo de vuestros corazones la pro¬
405 2384 1987 2452 unda pena que os causan sus desvarlos, pues
411 2450 1987 2524 que la esignación unida á la constancia y her¬
411 2533 1999 2601 manada con la esperanza, son las tres cosas
423 2611 1844 2685 que vencen al más pervertido de los esposos.
513 2671 1987 2750 Debeis de resigar con la suerte que os de¬
417 2748 1987 2840 pare á cada una, pues algunas, acostumbradas
405 2820 1981 2900 á las riquezas y al lujo, y que reveses de for¬
417 2903 1987 2971 tuna vénse en la estrechéz, se aburren y de¬
423 2975 1987 3049 sesperan; lo que antes eran para ellas paraiso
411 3047 1999 3127 de dichas, lo tendran como un infierno de maldi¬
423 3124 1999 3198 ciones y quejas; de alli viene el enfriamiento
417 3202 2011 3276 del amor de ambos y por último la traiedia
417 3297 943 3353 del matrimonio.
489 3345 1999 3431 Los deberes y derechos de la mujer en el
417 3423 2005 3497 hogar, son muy santos y sublimes; idichosas
429 3506 1701 3574 las que puedan cumplirlas exactamente!
507 3578 2017 3652 Y si por circunstancias imprevistas se vieran
423 3644 1999 3729 los padres de alguno de ambos en la impo¬
417 3721 2017 3801 sibilidad de vivir solos, la mujer está llamada
423 3799 2023 3879 á darles asilo, alimentarles y sostenerles en sus
429 3882 1426 3950 nachaques y demás necesidades.
489 3942 1999 4022 Con respecto á los hijos, la mujer que es
435 4014 2017 4094 buena, tiene que ser para con los suyos, ca¬
417 4097 2011 4165 riñosa y solícita madre, inculcarles desde la
429 4169 2017 4237 niñez tiernos y sanos ciemplos de religión, mora¬
429 4253 2017 4320 lidad y finos modales: porreiirles con cariño sus
429 4312 2011 4392 faltas y castigarles si es conveniente con mo¬
447 4396 2023 4470 deración, sin ira, ni emplear para ello palabras
447 4467 2029 4541 fens é inconvenientes cono algunas madres que
441 4545 2005 4619 para corregir ciertos pecadillos de sus hijos, se
429 4623 2017 4691 irritan y desesperan y les golpenn sin compasión.
525 4694 2023 4768 Los niños tionen un corazon sensible y se
447 4766 2023 4840 inclinan con más facilidad á lo malo que á lo
441 4838 2029 4911 bueno; así pues las madres están para vigi¬
447 4915 2029 4995 larles hasta sus menores movimientos, saber
441 4993 2041 5067 deer en los caracteres de cada uno de sus hijos
567 5220 1796 5282 2 INIT ENAL
1760 438 2256 500 "FILIPINAS"
2059 587 3629 673 RRRRRRRRRRRRRRRRRRRRRRRRRR
2351 748 3360 804 "ELUE DE MADRES"
2059 898 3647 983 RRRRRRRRRRRRRRRRRRRRRRRRRR
2137 999 3641 1091 La Alianza de Higiene Social, de
2065 1071 3647 1163 Buenos Aires, anuncia que se ha creado en
2065 1142 3647 1234 dicha ciudad una Asociaciónde señoras, cuvos
2071 1226 3665 1312 fines están expresados en los dos primeros
2059 1304 3384 1395 articulos de las bases de su fundación:
2137 1375 3647 1461 Artículo 1.o Con el fin esencial de preservar
2065 1447 3659 1539 en todas las formas, moral y materialmente
2053 1536 3647 1610 á á la infancia por acción social de la mujer,
2065 1596 3647 1688 se constituve una Asociación, denominada Club
2065 1680 3653 1760 de Madres, que tendrá su asiento en la ciudad
2065 1745 3647 1837 de Buenos Aires y se propondrá en particular:
2131 1817 3647 1915 L.o Propender á la mayor ilustración de las
2065 1901 3647 1980 madres en el cuidado del niño en su primera
2083 1966 3647 2064 edad, en la higiene del hogar, en el conoci¬
2065 2044 3653 2136 miento de los alimentos, ete., organizando re¬
2065 2115 3653 2207 upiones familiares, visitas á do nicilio, con¬
2065 2211 3229 2285 ferencias privadas ó públicas, ete.
2143 2283 3587 2362 2 Promover la creación de salas-cunas.
2143 2348 3647 2434 3o Promover la creación de plazas de juego
2083 2426 3647 2512 y de Clubs de niños, análogos á los existen¬
2077 2521 2728 2589 tes en otros paises.
2149 2581 3659 2655 4.o Organizar colonias de vacaciones para
2077 2677 2554 2733 niños débiles.
2137 2724 3653 2804 o Preservar al niño de los peligros del
2077 2796 3671 2882 vicio en sus diversas formas, principalmente
2065 2897 2477 2959 en la calle.
2149 2945 3665 3031 o Luchar en las formas á su alcande con¬
2077 3041 2781 3109 tro el analíabetismo.
2131 3100 3653 3186 T.o Propender á la ilustración general de los
2095 3166 3665 3258 padres, con el fin de coadvuvar al mejor de¬
2077 3244 3647 3324 sempeño de su misión de tales, promoviendo
2089 3321 3659 3401 lecturas y conferencias, fundando ó protegiendo
2089 3417 2966 3479 biblíotecas populares ete.
2149 3476 3659 3556 Art. 2o Para realizar sus pronósitos, 14
2083 3548 3647 3628 Asociación constituirá un fondo social con el
2101 3626 3677 3712 producto del derecho de entrada y de la cucta
2101 3691 3659 3777 mensual de las socias, con las donaciones par¬
2089 3769 3659 3855 ticulares á subsidios públicos, con el producto
2077 3847 3665 3926 de fiestas, beneficios ó subscrinciones que se
2077 3948 2357 4004 realicen.
2149 4008 3665 4076 Asociaciones como esta son las que se deren
2095 4097 2429 4159 de imitar.
2525 4223 3671 4297 virtudes, amoldarles á las buenas
2107 4241 2465 4308 defectos y
2107 4300 3671 4380 costumbres, pues nue los niños son como la
2101 4378 3677 4452 cera que es tan facil de amazarlos según la forma
2107 4467 2560 4535 que queramos.
2160 4521 3677 4595 Prohibirles las malas compañías que hechan
2083 4599 3677 4679 á perder las buenas costumbres y la educación
2089 4670 3671 4750 que se les enseña, asi como tambien evitar el
2089 4754 3665 4822 roce continuo de esos chiquillos que pululan por
2107 4849 2423 4905 las calles.
2160 4903 3683 4971 Desde pequeños enseñarles á regir el tiempo
1850 5160 3575 5270 LITER SPABLE Y
429 5315 3683 5425 LOS METORES VEHICOLOS DUE TAY EN EL ERTREMO ORIENTE
1390 5423 2757 5484 Cervantes no 380.—Teléfono 9.
