3848 6113
1695 426 2214 482 "FILIPINAS"
662 611 1635 673 LA MUJER CASADA
758 683 1564 739 Conclusión de la página 310
352 754 1940 816 á sus estudios y juegos infantiles, dejandoles
346 826 1928 888 espansionar á su modo y no prohibirles ciertas
364 904 1934 966 travesuras propias de la infancia, que tambien
358 975 1928 1037 los niños si se les reprende ó castiga por cual¬
358 1053 1928 1115 quiera cosa, aprenden á ser hipócritas y es¬
370 1125 626 1181 tupidos.
411 1208 1928 1270 Prepararles á esos corazones tiernos para que
358 1280 1934 1342 el dia de mañana sean hombres útiles para
346 1351 1922 1419 la sociedad, para con su Patria y para con su
364 1423 1928 1491 familia. Y cuantos sacrificios y sinsabores su¬
352 1507 1922 1563 frirá una madre antes de ser coronados sus es¬
346 1578 1928 1646 fuerzos como los dará por bien empleados.
346 1656 1928 1718 si todos sus hijos supieran corresponderla siendo
346 1728 1928 1789 unos hijos modelos de virtud y saber ¡Dichosas
346 1805 1581 1867 las madres que tuvieran tales hijos!
417 1948 1916 2016 Creo haber dicho bastante acerca de los de¬
346 2026 1928 2088 beres de la muger en el hogar, ahora me toca
358 2098 1892 2166 denir algo, hasta donde alcanza mis pobres fa
346 2175 1928 2243 cultades con respecto de los derechos que debe
352 2259 1928 2321 gozar como compañera del hombre que la suerte
346 2324 686 2386 le depare.
429 2402 1934 2464 ¡Cuánta verdad encierra aquel decir que
358 2456 1928 2542 "la fuerza de la muger está en su misma¬
346 2551 674 2601 debilidad.”
405 2629 1928 2697 Algunos esposos dignos y honrados que aman
346 2695 1922 2768 verdaderamente á sus esposas, les conceden los
334 2772 1916 2846 derechos que la asisten como su compañera
346 2856 1916 2918 compartiendo con ella sus alegrias, sus penas
334 2933 1916 2989 y trabajos, endulzando las amarguras de la vida
322 2999 1916 3067 con asiduidad y cariño, asistiendola solícito en
334 3077 1904 3139 sus enfermedades y privandose las más de las
328 3148 1904 3222 veces de todo lo mas necesario para cubrir las
334 3226 1432 3294 necesidades de su esposa é hijos,
405 3298 1904 3365 Sería largo enumerar los netos heróicos lle¬
340 3375 1898 3443 vados á cabo nor hombres que son el contraste
322 3447 1892 3515 de otros infames é ingratos que por satisfa¬
322 3524 1886 3592 facer sus malhadados vicios y brutales pasio¬
328 3602 1892 3664 nes, reducen á la más espantosa miseria á su
322 3668 1898 3742 esposa é hijos, degradando á aquella, envillo¬
322 3745 1904 3819 ciendose él, siendo objetos de comentarios por¬
334 3829 1898 3891 parte de la sociedad y de toda gente sensata.
310 3895 1898 3968 Ademas, aprovechan de la debilidad de la mujer
322 3978 1874 4040 para cometer con ella toda clase de ignomi¬
328 4044 1892 4118 nias, quitandolas los derechos que la natura¬
310 4121 1892 4207 leza les concedió, tratándolas como esclavas y
304 4193 1426 4261 no como esposas y compañeras,
376 4271 1886 4339 La mayor parte de los hombres creen ade¬
316 4342 1892 4422 más, que la mujer una vez casada, la obliga¬
304 4420 1802 4488 ción de esta se reduce á servir al esposo
310 4497 1898 4565 atender exclusivamente los quehaceres domesti¬
298 4563 1892 4637 cos prohibiendola toda diverción y trato de
298 4653 1683 4709 gentes, haciendola estunida é intratable
370 4718 1880 4786 De allí viene también que algunas, tras de
298 4790 1880 4864 no haber recibido una esperada educción en
304 4868 1886 4935 su infancia y no llevan en su alma bien ci¬
298 4939 1892 5013 mentado la resignación santa y divina fruto
2322 784 3313 840 Recetas Culinarias
2083 1023 3593 1079 Huevos a la nieve. Tómese medio litro de leche
2041 1101 3593 1169 y pongase á cocer con azucar y un palito
2005 1172 3605 1234 de vainilla ú otra esencia cualquiera, Pár¬
2011 1250 3593 1312 tanse tres huevos bien frescos y ponganse las
2023 1334 3581 1389 vemas aparte. Bítanse las claras á la nieve,
2005 1405 3587 1467 y cuando la leche está cociendo, chense en
2011 1477 3605 1533 ellas á cucharadas, las claras bitidas, dando
2005 1554 3599 1610 vueltas con la espumadera para que cuezan
2005 1626 3587 1688 por igual. Se van sacando y se colocan al¬
2005 1704 3599 1754 rededor de un plato hondo. Después se des¬
1993 1781 3593 1837 len las vemas en la leche, moviéndolas para
1999 1859 3599 1915 que tomen la consistencia de una crema, que
1999 1930 3456 1986 se echa encima de las claras y se sirven frios.
2065 2002 3593 2058 Cangrejos. Después de quitarlo la aleta del
2005 2080 3587 2136 medio de la cola á fin de extraer al mismo.
1999 2157 3593 2213 tiempo una trina negra y amarga, hágansa
2011 2235 3587 2291 cocer en el caldo, y después de diez minutos
1999 2307 3581 2369 retírese la cacerola, que debe tenerse tapada,
2011 2378 3587 2440 y en la cual deben dejarse los cangrejos toda¬
2005 2456 3593 2512 vía una media hora. Se sacan luego y se sir¬
2005 2527 3593 2595 ven en montón, adornado con perejil y so¬
2011 2611 2620 2673 bre una servilleta.
2065 2677 3593 2751 quisantes con azúcar. Sin lavarlos, métanse en
1993 2754 3587 2822 una cacerola con un buen trozo de manteca
1993 2832 3593 2900 fresca, en la cual se les revuelve para que
1999 2910 3593 2971 se impregnen bien. Ponganse á un fuego mo¬
1993 2975 3575 3043 derado y añadanse un ramito de perejil y
1987 3053 3593 3121 alguna cebolla blanca. Déjese cocer lentamente
1987 3124 3581 3198 con muy poca sal y uno ó dos trozos de azú¬
1981 3208 3504 3282 car. El perejil se quita antes de servirlos.
1987 3339 3563 3401 de la religión, en donde esposas cristianas en¬
1975 3411 3557 3485 cuentran un linitivo en todas sus pesares y
1987 3495 3581 3556 disgustos, elevando sus plegarias á Aquel que
1987 3566 3575 3634 es la fortaleza y apoyo de los degraciados:
1987 3644 3569 3712 aquellas, pues, que ignoran lo que es la resiga
1970 3709 3569 3783 nación y se encuentran desgraciadas en su hogar
1970 3787 3563 3861 olvidan sus deberes, su decoro y renutación,
1987 3865 3569 3927 buscan dicha y bienestar en otro hogar man¬
1975 3936 3569 4010 chando, envileciendo el nombre del hombre que
1970 4020 3456 4082 no supo respetarla ni supo darla sus derechos.
2035 4092 3563 4159 As pues, repetirá aquí un cuarteto de los
1975 4157 3569 4237 versos de la poetisa Juana de la Cruz, que
1975 4241 2137 4297 dica:
2226 4306 3163 4380 ¡"Hombres necios que culpaís.
2119 4390 2793 4452 á la mujer sin razón,
2113 4462 2955 4524 sin ver que sos la ocación
2113 4539 2949 4595 de la misma que juzgais!"
1958 4700 2668 4768 Cebú, 23 Dic., 1909.
2113 4539 17455 4595 de la misma que juzgais!"
2769 4641 3462 4697 BENITA A. DE RODA
2023 4814 3551 4882 Gastronomos, ¿quereís comer cosas riquísi¬
1958 4891 3546 4965 mas? Probad los renombrados bizcochos de LA FOR.
1964 4975 3128 5043 TUNA que expende LA ESPERANZA.
531 5202 3332 5291 IMPERIAL LIVERY STABLE
304 5327 3569 5431 LOS MEJORES VEHICULOS QUE HAY EN EL EXTREMO ORIENTE
1223 5435 2549 5503 Cervantes no 390.—Teléfono I.
