3928 5992
495 420 668 482 312
1700 384 2202 446 "FILIPINAS"
328 569 1897 649 a
525 736 1736 798 HERMOSURA E HIGIENE
310 891 1903 953 ada
1981 563 3598 619 de
2387 706 3348 768 FILATOS E
555 999 1706 1061 LA BELLEZA DE LAS MANOS
387 1077 1909 1138 Las manos deben ser objeto de particular aten¬
334 1154 1915 1222 ción tanto del hombre como de la mujer Son
328 1238 1921 1294 un exnonente vivo y constante de la cultura,
310 1309 1915 1371 nficiones y hasta del carácter de la persona.
322 1387 1915 1443 Una rápida inspección, un simple contacto, nos
322 1453 1921 1520 dan á veces idea de la idiosincracia del indi¬
328 1536 1921 1598 viduo. ¡Qué distinta impresión deja en el ánimo
340 1608 1903 1676 un todne de manos afectuosas, ligeramente ex¬
340 1691 1897 1759 presiyas, al de esas otras frías, secas, que pi¬
322 1769 1635 1825 recen deslizarse á la más ligera presión!
405 1846 1897 1908 No lo dudamos. Hay manos simpáticas y
316 1930 1927 1986 manos repulsivas, que revelan el carácter. En
328 2002 1921 2064 cuanto á la forma natural tambien varían estos
322 2079 1903 2135 elocuentes y serviciales miembros. Tenemos
340 2157 1921 2219 la mano largs, fina y flexible del pianista,
334 2234 1915 2290 Como tipo de mano de pintor encontramos una,
334 2300 1927 2362 blanca y grande: si como otra ancha, fuerte
340 2384 1921 2439 y terminada en dedos gruesos y cortos nos dá
322 2455 1921 2511 idea del hombre de trabajo. Naturalmente que
322 2533 1915 2583 todo esto es relativo y que hay numerosas
334 2610 1927 2660 excepciones. Es aventurado tomar cualquier
340 2688 1211 2744 regla en toda su extensión.
405 2754 1909 2810 En cuanto que unas manos sean más ó
328 2825 1927 2887 menos bonitas, no depende exactamente de una
340 2909 1909 2965 forma y dimensiones determinados. La belleza
334 2980 1909 3030 depende de la armonía del conjunto. A una
340 3052 1903 3114 joven pequeñita y gruesa corresponden bien
346 3124 1915 3186 las manos cortas y llenitas, como á una per¬
340 3201 1909 3263 sona alta y delgada, las manos largas y finas.
334 3267 1909 3335 El tipo ideal no es precisamente unn mano de¬
334 3350 1909 3406 masiado delicada, sino más bien de regulares
346 3422 1927 3490 proporciones. La estructura de la mano, así
334 3506 1909 3562 como el color de los ojos y la forma misma
334 3571 1903 3633 de ellos, tiene algo de inherente que corres¬
334 3649 1915 3705 ponde con la de muchas generaciones pasadas.
346 3720 1915 3782 La ley de herencia es inevitable y traspasa
334 3792 1927 3854 el campo de la higiene el modificarla. En cam¬
334 3870 1915 3926 bio qué suma de gracia y de belleza se ad¬
340 3947 1927 4009 quiere por un cuidado constantel Sen infinitos
346 4019 1927 4075 los recursos para lograr la distinción apetecida,
352 4090 1915 4152 Y no nos referimos á práticas de alta es¬
340 4174 1927 4224 cuela fnera del alcanca de la mayoría. Todo
334 4246 1927 4308 el mundo, aún las personas menos favorecidas
346 4317 1939 4391 por la fortuna, tienen á su disposición variados
334 4395 1796 4457 medios de conservar y embellecer sus manos.
1372 4490 1826 4552 (Continuaremos,
471 4669 1879 4731 Quereis adanirir una comida exquisita y
1999 2407 2393 2469 mación fué:
2053 2491 3580 2547 —¿Qué modelo para un Cristo en el desierto,
1993 2563 3246 2625 después del avuno de los cuarenta días
2076 2628 3574 2708 El loco ovó? Entendió? Lo que sé es que
1993 2706 3574 2786 giró hacia nosotros sus pupilas amplias, y nos
1993 2789 3580 2845 echó una mirada reposada, serena, distante,
1993 2849 3568 2917 en que crel ver algo de piedad y de recon¬
2017 2951 2691 3006 vención amorosa....
2070 3022 3592 3084 —Está contento aquí?—le preguntamos ma¬
2011 3112 2423 3168 quinalmente.
2070 3165 3592 3233 Tendió las manos, largas y exquisitas, aun¬
2005 3243 3568 3317 que curtidas como el resto de su tez, y res¬
1999 3332 2536 3400 pondió apacible:
2070 3398 3580 3454 —Donde El quiera que este, contento estov.
2005 3464 3580 3538 Yo habla retirado á la sierra, porque era la vo¬
1993 3541 3586 3609 luntad mi Padre. ¡La sierra es muy hermosa!
2005 3619 3586 3687 Hay en ella pájaros, ovejas, árboles, fuentes, y el
2011 3697 3580 3764 vivir allí no bastaría para penitencia. ¡Por
2005 3780 2852 3836 eso valdrá más estar aquí!
2082 3840 3586 3914 Una nube de melancolía veló los ojos vastos
2082 3917 3586 3991 profundos, que se dirigieron hácia la ven¬
2011 4001 3007 4063 tana, hacia el sol y la libertad.
2136 4090 3580 4152 Qué vida hacía en la sierra?—pregunte.
2005 4168 2852 4218 no sé si á él ó al director.
2082 4234 3592 4302 Fué este el que contestó. El loco había caido
2011 4305 3586 4379 en ensimismamiento, y callaba, contemplán¬
2011 4389 2536 4451 donos fijamente.
2088 4460 3533 4516 —Según parece—iverdad, namigo Manuel?.¬
2011 4532 3598 4600 en la sierra rezaba muchas horas Otras, se
2005 4604 3592 4672 las pasaba, en meditación, al pie de una en¬
1993 4675 3592 4743 cina ó al lado de un manantial, ovendo correr
2011 4753 3598 4827 el agna. Los pastores le daban de limosna
1993 4830 3598 4898 un poco de leche, ó queso duro, ó cecina de
2411 4902 3163 4958 Termina en la página 313
1987 874 3586 930 para
2608 963 2960 1025 (Conclusión,
2047 1047 3568 1115 Diciendo así, abrió la puerta de la celda,
1987 1118 3580 1204 y vimos á un hombre alto y flaco, arrodillado,
1993 1190 3580 1264 que se incorporó y se volvió. Al rayo solar
2011 1262 3574 1341 que cruzaba los hierros de la reja le vimos
2017 1333 3580 1413 perfectamente. El envejecimiento prematuro de
1993 1411 3580 1491 los locos obliga siempre á descontar diez años
1999 1488 3580 1568 de los que parecen tener; calculé que en vez
1999 1560 3574 1640 de cuarenta ó más que representaba, sólo con¬
2005 1643 3568 1711 taría treinta y tres ó treinta y cuatro. Lo
2005 1709 3580 1783 primero que admiré fué su barba y su cabe¬
2005 1787 3574 1861 llera. Luengas, negrísimas, con algunos hilos
1999 1858 3592 1932 canosos, brillantes y finos, caían sobre el pecho¬
1993 1930 3574 2010 desnudo y las espaldas tostadas, enjutas, en¬
2005 2014 3580 2087 volviendo casi el torso. Aquel tusón color de
2011 2091 3574 2159 endrina, aquellas vélidas barbazas de solitario.
2011 2157 3580 2243 hacían resaltar los grandes ojos morunos, hermo¬
2011 2234 3586 2314 tísimos, y la delicadeza de las facciones, de tipo¬
2005 2312 3557 2386 semítico puro. Mi primer involuntaria excla¬
393 4747 1862 4803 barata? Id al almacen de Vicente E. Ge¬
399 4813 1474 4886 nato y pedid un JAMON PINA
948 4896 1826 4952 Escolta 154 y 160, Manila.
1778 5099 3539 5209 VERI STABLL S
405 5159 1653 5209 IIPERIAL
447 5248 3527 5334 LOS MEJORES VEHIGULOS QUE HAY EN EL ERTREMO ORIENTE
1289 5362 2661 5418 Cervantes no 380.—Teléfono 91.
