3875 6046
3178 379 3357 441 313
1565 397 2067 453 "FILIPINAS"
555 671 3190 763 Ocasion ocasion. Ocasion.
955 845 2981 931 Acaban de llegar nuevos calzados para niños, se¬
758 940 2987 1026 ñoras y caballeros, de glas, charol y abellana y lana
776 1060 1302 1116 de cabritilla.
1403 1108 2365 1158 PRECIOS MODICOS
926 1209 1386 1259 ACUDID A
884 1287 2903 1373 ESCOlía 3032 THE SAN FRANCISCO ESCOLa SO-32
728 1502 1392 1552 PILATOS
603 1591 1493 1647 Continuación de la página 312
232 1681 1834 1731 carnero, ó na mendruguillo. Jamás quiso ad¬
244 1753 1111 1815 mitir moneda, ¿Digo bien?
328 1836 1206 1886 El loco afirmó gravemente:
328 1902 830 1958 —Moneda, no.
334 1974 1822 2024 —Cuando había e fermos en las majadas,
244 2040 1834 2113 bajaba de su risco á exhortarlos. ¿Qué les decía?
310 2123 1828 2185 —Les decía—declaró el demente—la verdad:
256 2195 1840 2263 que el vivir no importa nade; que la vida
244 2279 1828 2334 más larga dura poco, y la más feliz es amarga;
244 2344 1828 2406 que este mundo es el destierro, y que murie¬
250 2428 1816 2490 en contentos, porque verían la cara del Padre,
352 2500 1828 2556 —Y... no salía usted nunca de la sierra,
244 2577 1529 2639 sino para visitar á los pastores?—insisti
328 2655 1840 2705 —Sí, ha salido....—pronunció benignamente
244 2721 1840 2783 el director.—Si no acierta á salir, no sabríamos
244 2798 1840 2860 nada acerca de él Pero es el caso que, en
256 2876 1834 2932 esta Semana Santa, tuvo el capricho de visi¬
256 2960 1846 3010 tarnos.... ¡Verdad, Mayuel, que quiso usted
256 3037 949 3093 darnos una sorpresa?
346 3103 1732 3159 El loco afirmaba con la cabeza que sí.
268 3175 1858 3237 su acento grave, parecido á las hermosas voces
256 3246 1852 3308 de bajo que á veces se oven en los coros de
262 3330 1021 3392 las catedrales, declaró:
352 3402 1344 3464 —Vine por orden del Padre.
352 3479 1015 3541 —Naturalmente....
340 3545 1852 3607 Y el director nos hizo un guiño que indi¬
256 3617 1840 3685 caba que cortásemos la conversación y nos des¬
268 3694 1846 3768 pidiésemos. Ya en el patio, donde nos abani¬
256 3778 1858 3828 caban las ramas de una acacia, sentados en
262 3856 1272 3912 un banco, comentamos al loco.
316 3927 1846 3983 —Parece—el director tiene la palabraque
262 3993 1846 4055 es un antiguo seminarista.... Monomanía re¬
256 4077 1840 4133 ligiosa.... Imagínense el alboroto cuando se
256 4142 1846 4210 sparecció por las calles, medio desnudo, con
262 4226 1840 4282 una cruz muy pesada, de madera tosco, á
256 4292 1858 4354 cuestas.... No, y crea usted que la escena hu¬
256 4370 1852 4431 biese seducido á un pintor como usted. Era¬
268 4441 1858 4515 justamente la tarde del Jueves Santo, y la pro¬
256 4513 1852 4581 cesión se tropieza al bueno de Manuel por¬
268 4597 1840 4653 teando su cruz, y se para. El parecía otra efigie.
262 4668 1863 4730 otra escultura española, así quieto, mirando
262 4752 1863 4808 como arrebatado al Nazareno que se alzaba¬
274 4818 1852 4880 sobre las andas, y, no sé si de proposito ó
268 4889 1852 4957 casualmente, imitando su actitud hasta la ex¬
280 4967 1852 5047 presión de su rostro. La gente estaba asom¬
1959 1526 3471 1600 Las Canas del Sr. Quirona
1989 1699 3512 1767 El ncreditado fabricante de camas de bronce
1923 1765 3506 1857 y hierro Sr. Quiroga acaba de firmar un con¬
1911 1842 3500 1928 trato con una importantísima casa comercial
1911 1920 3506 1994 de Jaya para exportar á dicha Isla 400 mag¬
1917 1998 3512 2072 níficas camas de hierro y bronce todas MODELO
1923 2069 3506 2149 QUIROGA único que en estas Islas se fabrica por¬
1923 2147 3500 2227 obreros filipinos y que puede competir con la ma¬
1911 2249 2551 2305 nufactura Europea.
1929 2386 3500 2466 brada, emocionada; pero los señores que alum¬
1917 2458 3500 2550 braban en la procesión, indignados de la pa¬
1917 2541 3512 2615 rodin. Allí mismo se le detuvo, y dieron con
1923 2625 3483 2699 él en la cárcel; luego se cayó en la cuenta,
1917 2697 3512 2765 y nos le remitieron aquí. Asegura que él bajó
1917 2762 3506 2848 al pueblo para que la gente se acordase del
1923 2840 3506 2920 Padre y del Hijo, á quienes tenemos, según
1929 2912 3500 2992 dice, completamente olvidados. Había que ver
1917 2983 3506 3069 la cara del alcalde, que es un fabricante de
1917 3067 3506 3141 conservas, al reprender á Manuel: "Se había
1929 3139 3518 3219 usted propuesto alterar el orde 1 Yo sentia
1917 3210 3512 3290 una inquietud infinita De buena gana hu¬
1917 3288 3512 3362 biese dado de puntapiés á la puerta de la
1917 3366 3500 3446 celda y sacado á Manuel, enviándole á su sie¬
1923 3443 3512 3517 rra libre y luminosa, después de darle un
1917 3515 3518 3595 abrazo fraternal: ¿Qué opina usted del demente?
1929 3587 3512 3661 —insistió el director, que iba á permitirse el
1917 3659 3512 3738 lujo de fumar un cigarro, descansando un mo¬
1929 3748 3052 3816 mento de sus deberes profesionales.
2007 3820 3506 3888 —Yo—declaré en tono signilicativo—no hallo
1923 3904 2718 3971 culpa en este hombre.
2007 3969 3279 4043 El médico me mí. ó, comprendiendo.
2001 4047 3530 4103 —Se me figura lo mismo...... Pero lavo
1917 4131 2939 4187 mis manos ¡Qué quiere ustedi
2437 4226 3506 4294 La Condesa de PARDO BAZAN.
2085 4417 3441 4491 Diligentes damas, ¿quereis.
2013 4525 3441 4599 saber lo que hace falta en vuestra casa¬
2031 4608 3441 4694 para que reine siempre la alegria? Com¬
2013 4704 3453 4784 prad un JAMON PINA de los que vende
2025 4800 3447 4862 Vicente E. Genato, en su almacen
2013 4895 3285 4951 de la Escolta 153 y 150, Manila.
1905 5302 3542 5369 HAY EN EL EATREMO ORIENTE
400 5134 3435 5238 2 III ENIAE EVER SPABLE
274 5325 1852 5393 LOS MEJORES VEHICULOS QUE
1218 5391 2580 5459 Cervantes no 380.—Teléfono 9.
