2479 3508
1501 65 2251 121 Archivo General de la Nat
1677 146 2045 205 HEMEROTECA
949 319 1677 378 ENINA
558 483 1952 548 REVISTA DE LITERATURA, CIENCIAS Y ARTES
835 528 1683 590 CONSAGRADA ALA MUJER.
889 638 1627 697 DIRECTORA ADMINISTRADORA:
788 689 1734 754 PETRONILA ANGELICA GOMEZ
1080 746 1436 805 Maestra Normal.
1101 853 1424 909 REDACTORES:
782 916 1737 981 MARIA L. ANGELIS DE CANINO.
355 958 2161 1032 PETRONILA A. GOMEZ, CONSUELO MONTALVO DE FRIAS.
268 1071 450 1133 o
844 1083 1636 1139 San Pedro de Macos, nero 15 de 1923
2042 1089 2242 1148 M. 12
707 1319 1809 1390 LA ABNEGACION.
265 1468 349 1518 E
429 1522 1230 1584 L estudio del alma requiere aten¬
453 1579 1218 1635 ción extraordinaria, imposible de
456 1632 1230 1688 reducir á límites estrechos; pero
278 1635 371 1707 P
453 1683 1227 1742 hay en esa labor determinados
310 1719 409 1787 I
453 1737 1227 1790 rasgos salientes, que pueden ser¬
286 1760 429 1823 E
462 1791 1233 1847 vir de guía á la madre respecto
208 1838 862 1900 de la educación de su hijo.
268 1919 1233 1978 Es uno de aquellos la abnegación, anti¬
214 1973 1244 2032 tesis del egoísmo, que prescinde de la cari¬
214 2023 898 2082 dad y de las demás virtudes.
262 2107 1221 2163 La abnegación equivale al sacrificio in¬
208 2158 1221 2217 dividual, y practicada por la mujer, la¬
208 2209 764 2268 engrandece y santifica.
268 2289 1224 2348 El amor que vive en el corazón femenino
211 2340 1227 2399 ofrece multitud de sentimientos, y de ese
211 2397 910 2456 amor se deriva la abnegación.
262 2474 1224 2536 La mujer inspirada por ese sentimiento
203 2525 1212 2590 carece de voluntad propia y desde sus pri¬
208 2582 1215 2638 meros años sacrifica ciertos gustos á los de¬
203 2636 1221 2694 seos de sus padres: luego se subordina á
206 2686 1209 2748 los caprichos y deseos de su esposo, y cuan¬
206 2740 1224 2799 do las contrariedades pesan sobre el santo
203 2791 1215 2853 hogar, aquel don hermoso se sobrepone á
203 2847 1221 2906 las adversidades del destino y afronta las
211 2898 1080 2960 amarguras sin vacilación ni temores.
262 2979 1221 3038 Por abnegación expone la mujer su vida
200 3033 1221 3092 en obseguio del hombre amado, arrostra el
203 3095 1230 3145 peligro de todo y cede en las desavenencias
281 1393 2280 1473 .
1268 1504 2277 1566 conyugales, á pesar de tener casi siempre
1277 1558 1489 1611 la razón.
1325 1638 2277 1697 La energía es patrimonio del hombre; la
1271 1692 2269 1751 abnegacion es patrimonio de la mujer y
1277 1743 2277 1802 sin muchos esfuerzos pueden los esposos
1280 1797 2206 1856 hacer patentes de grandeza que irradía.
1319 1874 2274 1936 La madre aprende la abnegación junto
1274 1931 2277 1990 a la cuna de su hijo, y ante ella se despoja
1274 1985 2274 2041 de todos sus defectos, ahoga la impaciencia
1277 2041 2280 2094 y los arrebatos, doblega su condición y sa¬
1274 2086 2271 2148 crifica su voluntad á la de esos pequeños
1274 2140 1513 2193 inocentes.
1319 2218 2274 2279 Con este sentimiento, nacido del amor
1265 2271 2277 2333 desinteresado, enseña al esposo y al hijo
1265 2322 2280 2381 esa misma abnegación que, desenvolvién¬
1268 2379 2263 2438 dose poco á poco llega un día á ser precia¬
1259 2430 1498 2482 do tesoro.
1319 2504 2277 2569 Claro es que estas apreciaciones no pue¬
1268 2564 2274 2626 den tenerse como argumentos rotundos.
1271 2612 2269 2677 Hay mujeres á quienes la maldad, la envi¬
1265 2665 2269 2727 dia y la vanidad las apartan de la abnega¬
1271 2719 2277 2781 ción, pero son en escaso número y como
1268 2773 1391 2826 regla
1421 2779 2280 2835 general y para consuelo de todos
1265 2824 2274 2886 debemos decir que de esa virtud lo mismo
1268 2880 2274 2942 que de la bondad, se forma la mujer equi¬
1262 2934 1442 2984 librada.
1444 2988 2215 3044 MARIA LUISA ANGELIS DE CANINO.
1558 3042 2116 3095 (María del Mar Caribe)
1268 3077 1851 3151 Villa Sol, Enero 1923.
