2479 3508
158 137 423 190 Fémina
2015 110 2236 166 Página 2
567 313 1125 402 FO
1185 346 1967 396 ARA
1077 444 1322 494 LEMA:
347 561 2101 618 PUEBLO DE VENCEDORES.
800 743 1561 799 A JOSE A. BONILLA ATILES.
170 949 952 1005 Un genio, tutelar, siempre inclinado
119 999 901 1052 hacia tu bien, tu honor y tu destino.
119 1041 558 1094 mantiene tu camino.
113 1089 779 1139 esplendorosamente iluminado
122 1137 818 1190 como para un excelso peregrino.
170 1268 600 1318 Y es en ese camino.
161 1313 1089 1363 que es de martirio, mas también de gloria¬
119 1352 856 1408 donde te reverencian gentilmente
119 1405 988 1455 todos los pueblos grandes en la historia.
173 1528 943 1587 Y sin embargo, el pavoroso y rudo
122 1579 853 1632 espíritu del mal mueve el sañudo
131 1626 543 1679 brazo de la artería.
125 1677 1003 1727 mientras tú pasas, trémula de impulsos,
125 1722 740 1772 mugnificada por tu rebeldía.
119 1767 534 1826 y por la fe radiosa.
122 1814 686 1864 que embellece y perfuma¬
119 1856 880 1909 tu corazón lo mismo que una rosa.
170 1985 635 2041 Con cuánta gallardía
128 2035 635 2088 responde tu arrogancia.
131 2080 922 2136 a la torpe intención del brazo artero,
125 2125 722 2178 acaso porque faltan todavía,
125 2176 907 2226 muchos amaneceres de FEBRERO!
173 2301 925 2351 Cómo se empina tu altivez, y cómo
128 2349 889 2402 a la maligna insinuación del fuerte
131 2394 582 2450 virilmente responde,
137 2438 662 2491 cuando doquier advierte
137 2489 1080 2542 que abundan los baluartes como el CONDE
1265 838 1636 891 Por el escalofrío
1185 880 1716 933 de terror y de espanto
1212 925 2092 981 que sintieron las almas, cuando al santo
1215 976 1737 1026 altar en que ofrecieron
1215 1020 2051 1076 su devoción a Dios nuestros mayores,
1221 1065 1895 1121 acer sus reptiles y sus lobos
1221 1113 1913 1169 la casta vil de los profanadores:
1265 1208 2027 1270 Por el dolor.—tan sólo comparable
1218 1262 1886 1315 al intenso dolor de la derrota¬
1221 1304 2098 1357 conque la Libertad gimió ante el cuadro
1224 1355 2033 1411 desolador de su armadura rota.
1265 1453 1668 1506 ¡Oh santificadores
1227 1501 2039 1557 y angustos manes de los Redentores!
1218 1546 1689 1599 verted prdigamente
1221 1591 2063 1647 lumbraradas de fe, desde las cumbres
1224 1638 2009 1694 de la Inmortalidad, en la conciencia
1230 1683 2074 1742 y en las pupilas de las muchedumbres
1271 1791 1764 1841 Derramad la clemente
1227 1835 1994 1894 y blanca ling de todas las bondades.
1224 1883 2009 1936 en el sendero por do yan, sin verse,
1233 1928 1904 1981 los corazones y las voluntades:
1224 1970 2003 2023 en el sendero aspérrimo y angosto
1221 2018 2054 2073 donde plantan su flor de acres arromas
1227 2068 1594 2121 las infelicidades
1233 2110 2036 2166 que han abatido el ideal de AGOSTO.
1271 2215 1740 2268 Juntad los corazones
1224 2259 1964 2309 en el martirio y en las devociones.
1227 2307 1668 2363 y dadles el denuedo
1233 2358 1985 2408 providencial de aquellos paladines,
1227 2397 1949 2453 a los que daba impulso de leones
1227 2444 1943 2500 la imperativa voz de los clarines!
173 2689 570 2739 ¡Oh santificadores
134 2734 937 2793 y augustos manes de los Redentores!
134 2779 856 2832 por las horas amargas e infelices
134 2830 889 2883 en que el palido rostro de la Patria.
131 2877 874 2927 sufrió el estigma de las cicatrices:
176 3000 713 3053 Por el payor sin nombre
128 3048 856 3100 que llenó de febriles inquietudes
122 3095 856 3145 a los viejos hogares, guardadores
125 3143 629 3196 de las santas virtudes,
128 3191 925 3241 cuando temblaron todos los pudores
119 3239 847 3289 ante los ebrios faunos inasores:
1277 2647 2030 2703 ¡Oh manes de los inclitos varones?
1233 2698 2077 2751 haced que brille al sol, por vez tercera.
1230 2746 2015 2802 junto al vie laurel de los bastiones
1238 2794 1940 2844 la sacra dignidad de la bandera.
1283 2892 2048 2948 y que la ilustre Patria de Febrero,
1233 2940 1913 2993 en Santa paz, de regocijo vibre,
1230 2985 2122 3038 mientras salude en ella el mundo enterro¬
1233 3036 2083 3086 á un pueblo vencedor, tres veces libre!
1839 3113 2257 3169 EMILIO A, MOREL.
1277 3191 1785 3247 San Pedro de Macorís,
1397 3233 1662 3292 Julio 30 192
1716 2546 1809 2599 III
