2479 3508
331 2361 1044 2417 Arrúllame ese vals tan dolorido,
280 2412 785 2468 tan triste y sollozante,
283 2462 1107 2518 como el doliente rilmo de un gemido
289 2519 952 2572 de plañidero corazón amante.
328 2594 1155 2650 Qué nostágica y triste, qué apenada
283 2650 1047 2709 la melodía que ese vals suspiral.
283 2701 988 2757 Un ala de crepúsculo cansada
286 2758 1065 2814 roza los hilos de una blanda lira?...
1779 2262 2143 2315 A BLANCA A GOICO
1862 2289 2077 2342 S
1331 2358 2092 2411 Diríase que el alma de los vientos
1292 2412 2119 2471 suena sus flautas en las frondasones;
1289 2462 2086 2518 o que la esquila de los sufrimientos
1286 2518 1978 2578 plañe sus clamorosas oraciones
1337 2597 2086 2653 Piano sentimental donde tu mano
1289 2650 2036 2706 hace el milagro de rimar halagos,
1292 2704 2116 2757 que son asaz como el arrullo arcano
1292 2758 2015 2814 de la ondulante lira de los lagos.
815 2836 1558 2889 Arrúllame ese vals., el alma mía
761 2892 1710 2948 se envuelve entre la bruma del quebranio,
761 2946 1477 2996 cuando siente su fébil sinfonía.
707 2071 806 2124 -
725 2152 1827 2202 La alada de un vals.
1991 181 2277 234 Fémina
1436 3077 1728 3130 Plinio LIVIO.
841 3143 1382 3196 MACORIS DE ORIENTE, DE 1923
