2479 3508
208 152 489 205 Fémina
2036 146 2257 196 Página 4
1665 480 2000 530 REMINISCENCIAS,
1639 522 2024 575 para la Srta. Celia Brea.
615 307 1836 366 En la Orilla del Mar
220 671 653 721 La tarde reinaba.
223 719 1203 772 En su extenso manto azul, de virgen pu¬
179 773 1200 829 rísima, se destacaba esa multiplidad de cú¬
170 826 1203 882 mulos que imprime tan soberbia magnifi¬
167 883 1191 936 cencia á la diosa del descanso. Te acuer¬
167 934 1203 990 das? Era uno de esos primorosos días en
176 990 1182 1046 que Mayo luce sus galas con marcada os¬
167 1044 414 1097 tentación.
226 1098 1203 1151 El tibio ambiente que se desprendía del
179 1152 1203 1205 mar está impregnado de esa dulce vague¬
170 1205 1203 1258 dad que hace traer á la mente multitud de
167 1262 1203 1315 recuerdos de la infancia, de esa edad en
176 1316 1200 1369 que no hay noche para la vida, porque la
173 1361 1203 1423 vemos clareada por lor luminosos rayos de
176 1426 829 1479 la inocencia y del ensueño.
226 1480 1203 1530 Nos sentamos sobre una roca; y desde
167 1531 1197 1584 allí, entre tristes y gozosas, contemplába¬
173 1585 1203 1638 mos las gigantescas olas, que parecían
170 1635 1197 1691 ofrecer, por el imperioso mandato de su¬
167 1692 1197 1748 rey, húmedos besos á las nubes, y estas.
173 1746 1203 1799 despavoridas huian para ocultarse tras el
170 1803 880 1856 delicado cancel del horizonte.
229 1853 1212 1909 Tiene la orilla del mar mucho de subli¬
173 1910 1209 1963 me que enloquece, que fascina, Y acu¬
170 1964 988 2017 dieron tumultuosos los recuerdos.
226 2015 889 2076 Cuán dulce es recordar....
226 2071 973 2127 Sí, porque esas confidenciales
1015 2074 1206 2130 pláticas
170 2125 1203 2178 que surgen de los recuerdos de la infancia
176 2179 1206 2232 tienen en sí tanta belleza, que al envolver¬
167 2232 1203 2288 nos en la idealidad de esos sueños infanti¬
167 2289 1206 2345 les, sentimos los ardorosos labios de la
179 2340 1197 2399 madre amada posarse sobre nuestras meji¬
176 2397 1206 2453 llas escuchamos las sencillas canciones con
170 2447 1212 2506 que ella nos adormecía.... nos sentimos¬
167 2504 1203 2560 invadidos por todos los encantos que la ni¬
167 2558 486 2614 ñez encierra.
226 2609 1197 2671 Cuán dulce es recordar sobre las ilusio¬
1250 668 1710 718 nes infantiles....!
1253 734 2277 790 ...............
1301 826 1767 879 La tarde avanzaba.
1298 880 2277 933 El viagero de rubia cabellera descendía
1250 934 2277 987 orgullosamente en su carro de oro, y mar¬
1247 987 2283 1037 cando el límite de su carrera en su lecho
1244 1041 2283 1094 de Occidente, fue a ocultarse entre las
1244 1095 1761 1148 sombras de lo ignoto.
1301 1149 2286 1202 Estratos paralelos parecía valladear el
1244 1208 1486 1258 horizonte.
1373 1256 2286 1309 sentíamos cómo la melancolía se iba¬
1253 1307 2277 1372 poco á poco acrecentando en nuestros pe¬
1247 1370 1373 1420 chos.
1310 1423 2271 1473 Y huyeron tumultuosos los recuerdos..
1295 1474 1922 1530 Cuán triste es meditar...
1304 1531 2269 1581 Cuando exentas de aquellos plácidos y
1253 1579 2280 1635 encantadores sueños entramos en el mun¬
1253 1632 2289 1691 do de las realidades, cuán diferente y de
1253 1686 2274 1742 cuán bellos colores se nos presenta ya di¬
1247 1746 2191 1799 bujado el misterioso cuadro de la vidá.
1301 1794 2280 1853 La mente, ocupada ya por otras ambi¬
1241 1850 2280 1906 ciones, tropieza amenudo con el terrible
1253 1910 2280 1963 vorágine del desengaño: nuestras almas,
1250 1958 2274 2017 como aves que dispersas por el aire no co¬
1247 2012 2277 2070 nocen el rumbo verdadero, caminan ince¬
1250 2065 2277 2127 santemente en busca del nido de la reali¬
1247 2125 2280 2178 dad; pero lay! empeño vano. En medio de
1247 2176 2274 2232 ese continuo zozobrar en el impetuoso mar¬
1241 2229 2283 2285 de la mentira, la Demacrada viene á ofre¬
1247 2289 2274 2339 cernos sosegado paraíso donde olvidar
1253 2343 2015 2393 nuestras inmensas desventuras.
1295 2397 2280 2450 Cuán triste es meditar sobre las realida¬
1244 2450 1698 2506 des de la vida....!
1540 2531 2230 2587 PETRONILA ANGELICA GOMEZ.
1306 2624 1418 2661 1914
952 2797 1507 2850 SOL Y ARMINO.
435 2853 886 2915 Por blanca, soy lirio;
444 2904 868 2963 por ardiente cirio.
444 2949 797 3005 Por inmaculada,
435 2994 856 3053 soy hostia sagrada.
573 3039 761 3095 Estrella
582 3089 785 3139 por bella,
582 3131 695 3181 FOSA
579 3176 818 3235 por airosa.
973 2862 1325 2918 Esbelta y altiva.
973 2907 1361 2966 como llama viva.
973 2952 1352 3008 Franca, vigorosa,
982 3000 1379 3059 Pubia y ardorosa.
1113 3045 1358 3095 Soy irio
1113 3089 1385 3145 Soy cirio.
1107 3134 1313 3187 Estrella
1116 3182 1388 3235 y entella.
1516 2862 2033 2915 Por eso es que ardiente
1510 2907 1955 2960 bulle, extrañamente
1519 2955 1925 3008 en mi sér, el fuego
1522 3003 2024 3056 que en las venas levo.
1719 3095 2027 3157 ALICE LARDÉ.
1661 3187 1918 3226 (Hondureña)
