2479 3508
265 158 468 208 Página
1442 292 1558 348 NES
800 304 1806 387 SAS DES
283 647 1238 712 Pasé silencioso por tu mansión cuando va¬
223 698 1236 766 la noche se derramaba sobre el mundo....
229 752 1236 817 La lluvia había entristecido los ensueños
229 802 1236 870 de la tarde, y el alma, conmovida por la¬
229 865 1247 921 gris melancolía de aquel ambiente, rezaba
226 901 1244 975 el rosario de su soledad bajo el amparo de
226 961 516 1014 tu recuerdo.
277 1029 1238 1094 Pasé silencioso por tu mansión, y tú, que
223 1077 1236 1148 eras un sueño en la ansiedad de mi alma.
223 1134 1236 1199 fuiste realidad ante mi vista. Y te ví mi¬
223 1188 1221 1252 rífica y serena, rubia como una aurora e¬
226 1238 1241 1303 terna, suave en tu silencio misterioso, go¬
226 1295 1238 1360 zando como niño ingenuo con el regalo de
220 1343 1233 1414 estrellas que el cielo te ofrecía; tus ojos,
220 1399 1236 1464 acostumbrados á la inmensidad, parecían
220 1453 1233 1518 sugerir á DIOS nuevos milagros, y tus ma¬
220 1504 1233 1572 nos trémulas, posadas sobre el pecho, arro¬
226 1567 1236 1623 paban como alas de palomas blancas los
223 1611 731 1673 latidos de tu corazón.
274 1680 1236 1742 Pasé silencioso por tu mansión, y al ver¬
229 1728 1238 1796 te temblé de amor como el lago acariciado
229 1794 1233 1850 por la brisa; y fue tal la emoción de mi¬
223 1835 1233 1903 espíritu, que al notar que tenías las manos
217 1892 1230 1957 sobre el corazón creí que ya era la hora de
223 1946 1224 2008 traérmelo como ofrenda, y temí que mi vi¬
217 1997 1224 2062 da, débil de por sí, no soportase la magni¬
217 2053 1122 2118 tud celeste de tantos sentimientos....
1340 656 2292 724 Cantabas, cuando yo pasé á tu lado....
1289 710 2298 775 Envuelto en el perfume de tu armonía, que
1283 764 2292 829 llenaba de esplendor aquel ambiente, corri
1292 820 2295 879 hacia tí para contarte mi último sueño, que
1289 871 2295 933 derramó tanta dicha en el ánfora de mi¬
1289 925 2298 987 vida.... Pero tú, que me viste venir, y que
1286 976 2286 1037 solamente me conocías porque te habían
1283 1029 2292 1091 dicho que yo era quien regaba flores en el
1283 1080 2289 1142 sendero, seguiste cantando melodiosamen¬
1283 1137 2289 1199 te. Bajo la unción vagorosa de tu voz,
1286 1196 2295 1249 yo hube de sentarme cerca, sobre las ojas
1283 1244 2295 1303 de un árbol cuyas ramas retozaban con los
1286 1298 2283 1354 rayos de la luna, para aguardar que termi¬
1277 1349 2274 1408 nases. Y desde allí, mientras te contem¬
1283 1411 2277 1464 plaba, seguía escuchando tus canciones.
1340 1456 2277 1515 Tus guedejas rubias, juguetes de la bri¬
1286 1510 2286 1569 sa enredaban mis ensueños fugitivos, Toda¬
1283 1561 2283 1620 la majestad serena de aquella noche blan¬
1277 1611 2283 1667 ca parecía á veces reconcentrarse en tí!! Y
1283 1665 2289 1727 te seguía escuchando, y mi alma se iba¬
1286 1719 2286 1775 sintiendo mas celeste... Miré hacia la sel¬
1286 1773 2277 1832 va, y creí ver desparramados hálitos lumi¬
1280 1826 2292 1885 nosos de tu vida.... Al fin, terminaste de
1286 1880 2292 1939 cantar, y cuando me acerqué para contarte,
1286 1931 2283 1993 mi pasado sueño, me dí cuenta, ensimisma¬
1280 1988 1964 2044 do de que ya era realidad.
1519 2065 2236 2127 JUAN ISIDRO JIMENES GRULLON.
400 2313 1050 2372 SU RETRATO.
1436 2319 2239 2381 EN EL REMANSO.
337 2430 1027 2488 Yo miro su retrato cada instante,
241 2474 1021 2536 lo miro, la contemplo y mas la adoro.
250 2519 973 2578 Es ella misma sus cabellos de oro.
247 2567 997 2620 sus negros ojos, su sonrisa amante.
334 2633 1047 2691 Sus manos finas y su tez radiante.
244 2680 1012 2733 su mismo gesto para ing un tesoro¬
238 2725 1000 2781 y aquella gracia angelical que añoro
238 2770 955 2826 de su cuerpo lerible y arrogante.
331 2842 1056 2897 Es ella misma, con su frente pura,
235 2886 967 2939 sus grandes ojos de mirar sincero
244 2931 1047 2987 y hasta el encanto de su gran dulgura.
328 3000 1182 3059 ¿Qué me importa si el tiempo nos separa
235 3048 1086 3103 si ella siempre me quiere y vo la quiero,
244 3095 949 3145 y este retrato mi ilusión ampara
1412 2438 2206 2494 Bajo el arco fresco del ramaje umbrío
1406 2477 2188 2539 de los arrayanes que bordan la orilla,
1406 2525 2182 2584 hay una guirnalda florecida, y brilla¬
1409 2570 2170 2626 como una pupila de esmeralda el río,
1415 2627 2263 2686 Y es la trasparencia de sus aguas puras.
1415 2671 2140 2733 inmovilizadas, tan serena y honda.
1412 2719 2269 2775 que se unen la fronda sonora y la fronda¬
1409 2761 2269 2823 del cristal, formando dos grutas oscuras.
1412 2818 2206 2874 Del airon altivo de una palma enhiesta
1403 2859 2224 2918 oculto en los flecos con trinos de fiesta
1415 2910 2221 2966 modula un sinsonte sus claras ocuavas.
1412 2961 2182 3020 mientras doblegados amorosamente.
1400 3003 2200 3059 con lleve murmullo, besan la corriente
1403 3050 2242 3106 los penachos ricos de las cañas bravas.
659 3143 1161 3199 CONSTANTINO VALERO.
1489 3104 2218 3160 DULCE MARIA BORRERO DE LUGAN.
1755 3152 1967 3208 (Cubana.)
