2479 3508
173 104 447 157 Fémina
477 283 1970 351 NOTAS AL RESPAES.
844 358 1600 411 ARTICULO SEMISERIO.
137 1158 752 1211 le compra por dos pese¬
143 1211 758 1264 tas habida cuenta del
149 1265 755 1321 valor del marco, I en los
146 1325 755 1378 periódicos la cuestión de
140 1379 755 1435 los retratos es de mas
140 1432 755 1485 triste perspectiva; el re¬
140 1486 740 1539 trato del mas insigne es¬
137 1540 746 1593 critor, del mas prestigio¬
143 1597 743 1653 so político, del orador
137 1653 749 1706 mas aplaudido, está con¬
140 1707 743 1763 denado, sin apelacion, á
137 1761 749 1820 envolver mercaderias o a
191 719 1197 775 Yo no soi partidario de los retratos: solo
146 776 1179 831 por acceder al reclamo de ciertos i determi¬
146 832 1179 882 nados afectos, pude, en mal hora, retratar¬
137 883 1179 936 me, pienso, con Mesonero Romanos, que es
143 937 1185 990 triste cosa figurar en efigie hoi colgado de
143 993 1179 1046 la pared de una sala, para pasar de allí al
137 1047 1185 1103 comedor después á un aposento, i andando
137 1104 1179 1157 el tiempo, á una casa de empeño donde se
140 1979 743 2038 sinembargo, contra tan¬
140 2032 746 2088 triste destino, los q. tie¬
137 2092 743 2145 nen contraido en este
137 2146 749 2202 mundo distintos mereci¬
140 2200 349 2253 mientos.
194 2256 740 2309 Yo pobre infeliz, gran¬
131 2310 755 2363 dísimo pecador, eterno
137 2361 755 2417 equivocado, qué otra co¬
134 2483 1194 2536 justicia que yacer olvidado en un caión de
146 2537 1185 2593 papeles inútiles sirviendo de pasto á los
137 2585 340 2638 ratones?
200 2638 1185 2703 Mi retrato, lector sufrido, no te dirá
140 2698 1176 2754 quien sol; mal juzga quien se guía solo de
137 2746 1185 2811 las apariencias, engañosas siempre como lo
143 2800 1188 2868 reza el refrán no te dirá, a fe mia, noticia,
134 2856 1182 2924 de mi vo interno, como dicen por ahí, esta
131 2913 1182 2978 muda cartulina, i por eso vengo a escribir
131 2970 776 3026 algunas notas al respaldo.
185 3021 1185 3086 Confieso, franca, leal, sincera i categóri¬
131 3077 1194 3145 camente, que no sirvo para cosa alguna:
140 3140 1185 3199 podria decir que no existo: en una palabra,
137 3194 1194 3253 que no vivo en el mundo; porque vivir es
143 1817 743 1873 parar, envolviendo toma¬
137 1871 749 1927 tes, al cesto de una puer¬
140 1925 749 1987 ca verdulera. Revélanse,
1546 611 2242 670 PARA LA CUNA DE AMARICA.
1227 722 2283 778 existir, existir es pensar, pensar es com¬
1233 781 2283 834 prender, i vivir en el mundo entiendo yo
1236 835 2286 891 que consistiría en comprender el mundo; i
1241 886 2280 945 yo maldito si comprendo nada, por mucho
1233 943 1707 996 que pienso en todo.
1283 996 2289 1055 Tiendo la vista, por ejemplo, á mis años
1238 1053 2289 1109 perdidos, al cautiverio de mi niñez asida al
1233 1107 2277 1160 banco de la escuela, i veo alzarse horripi¬
1671 1164 2283 1220 lante la figura castigado¬
1665 2268 2280 2321 labras el célebre "Epur
1665 2322 2286 2381 si muove de Galileo. La
1659 2379 2283 2435 audacia ha trepado, sin
143 2415 2289 2491 sa puedo merecer, hablando en estricta, tocarlos, los escalones de las ciencias, han
1233 2483 2283 2551 brotado sabios á manera de hongos, y ya¬
1233 2546 2277 2599 su voz atrevida y atronadora lo acalla todo
1236 2600 1474 2653 todo.
1283 2650 2280 2709 Mira mi retrato; junto con los cabellos
1230 2707 2286 2769 ha huido la inteligencia y al par que queda
1230 2761 2280 2820 calva la cabeza se me nubla el entendimien¬
1236 2818 2289 2874 to: mala figura, y triste condición para sa¬
1238 2874 2283 2933 ber nada en estos tiempos felices en que
1236 2928 2283 2987 la fuerza intelectiva reside como la de San¬
1230 2982 2283 3044 son en la abundancia y firmeza del cabello.
1230 3042 2289 3098 ¡No quiera el cielo que venga una Dalila a
1230 3092 2280 3154 llevarnos de un tijeretazo el caudal inmen¬
1230 3149 2283 3211 so de saber que disfrutamos por tan bajo
1674 1217 2289 1273 ra del maestro enpeñado
1671 1274 2289 1327 en infiltrarme los secre¬
1671 1328 2289 1387 tos de la ciencia y los
1677 1385 2292 1438 resortes del arte; pero
1671 1441 2286 1494 maldito si entiendo tal¬
1665 1492 2280 1548 empeño, ni veo para qué
1665 1549 2280 1602 sirve la ciencia ni qué se
1671 1605 2295 1658 hace con el arte; por eso
1677 1662 2283 1715 puedo decir que no exis¬
1668 1713 2289 1769 to en punto á ciencia ni
1665 1770 2283 1826 arte ni, burlando, en
1671 1829 2280 1882 punto á ningún saber
1665 1880 2292 1936 humano; ya la luz no
1671 1937 2286 1993 brota de una ecuación
1671 1991 2286 2047 algebráica, ni gira Nep¬
1665 2050 2289 2106 tuno impulsado por la
1665 2107 2280 2160 pluma calculadora de
1668 2161 2280 2214 Leverrier, ni pasa de ser
2206 2215 2283 2271 pa¬
1671 2221 2167 2271 palabras, palabras
1015 510 1433 566 A STENYOR.
