2479 3508
241 166 429 219 Página
262 265 1215 318 y cuenta, lector amabilísimo, que no te¬
206 319 1212 369 engaño ni en pinturas; si te engañase se¬
203 367 1215 428 ría yo hombre de talento, porque el tal,
208 423 1218 476 por mas que digan y discutan, no consiste
206 474 1215 530 sino en saber engañar al projimo; y así ha¬
206 531 1212 581 sido desgraciadamente, y así es, y así será
211 581 1218 634 por los siglos de los siglos: dijérase que
229 632 1215 688 engañaos los unos á los otros fue la má¬
211 686 874 745 xima del divino maestro....
262 770 1218 820 Quedamos, pues, en que no tengo talento
211 820 1224 876 porque no sé engañar á nadie; en que no
203 874 1221 927 soy ilustrado porque no puedo, ni debo, ni
206 928 1164 984 quiero seguir el melenudo derrotero....
265 1005 1218 1061 Y si alguno osare decir q. soy periodista,
203 1059 1209 1112 dirásle tú, por mí, lector amigo, que el
203 1113 1215 1169 hombre que no tiene mas que una opinión,
211 1164 1209 1217 una sola idea, un solo estilo no puede ser
208 1217 1218 1276 periodista estaría condenado á decir siem¬
211 1268 1215 1327 pre la misma cosa, y el periódico no debe
208 1322 1218 1378 ser así, ha de llevar el sello de la veleidad.
220 1376 1224 1429 para rendir culto á la lisonja que es la que
206 1429 1215 1482 flota en derredor de los nuevos ministeria¬
203 1480 1224 1536 les mientras se consume lentamente y en
211 1534 1218 1590 nicho solitario el mortecino cabo de vela¬
203 1585 1024 1647 encendido antes al dolo cado....
265 1668 1119 1724 De forma que no soy ni valgo nada.
265 1740 1224 1793 Político? Yo no sé lo que ello es; ni lo
206 1791 1215 1841 sabré nunca porque no me lo dicen las ho¬
206 1850 1218 1900 jas de mis libros: Vagamente recuerdo q.
203 1898 1230 1951 allá en mi niñez se me dijo que política era
248 1943 1221 2002 la consagración de todas las energías al
206 2003 1215 2056 servicio del suelo en que se nace, que era
208 2056 1215 2109 labor de bien, en fin, que era trabajo, paz.
208 2110 1224 2163 amor. Desde ese punto de vista habría
208 2161 1218 2214 que avergonzarse de no ser político. Pero
214 2215 1218 2271 ay la verguenza? Se la han cogido unos
208 2265 1221 2321 cuantos, o vace, lo que fuera peor todavía.
214 2319 1224 2372 en una ancha tumba donde no hay ins¬
211 2373 1215 2429 cripción ni crece una flor
217 2432 1218 2482 ........
269 2504 1215 2557 Si con estos datos tienes formado el ver¬
211 2558 1227 2611 dadero concepto de quien soy, está bien; si
211 2612 1227 2668 no me conoces todavía, mucho mejor; qué
208 2668 892 2721 has de ganar con conocerme?
271 2749 1224 2799 Ni hagas caso lector, de mi retrato, tíra¬
208 2797 1230 2850 lo como cosa inútil en un rincón donde lo
214 2850 1227 2903 roan y se lo coman los ratones, ¿Qué mu¬
217 2904 1224 2960 cho No se han de comer mi cuerpo los
214 2964 525 3017 gusanos
573 3042 1182 3092 ARISTIDES GARCIA MELLA.
1970 169 2233 219 Fémina
1552 334 1991 393 La una.
1259 581 2137 634 ¡Oh, la luna, la luna que cantan los poetas?
1259 632 2152 688 ¡Oh, la luna brillante de tristeza tremenda!
1259 689 2203 748 La luna que no sabe ni del frescor del agua
1265 740 2269 793 ni del viento que tacta, como un fauno, las selvas:
1259 838 2236 894 La luna que no tiene ni un árbool, ni una brizna,
1265 889 2269 948 ni una mujer y un hombre q. se quieran en ella,
1265 946 2233 996 ni un puñado de polvo que danze en remolinos,
1259 996 2251 1046 ni un río q.haga ruido saltando entre sus piedras
1262 1092 2194 1151 Parece tan hermosa, tan nueva, tan luciente,
1265 1149 2182 1202 y no es mas que una pobre vieja desposeida,
1265 1199 2203 1249 frente á frente á la tierra millonaria de dones
1259 1250 2269 1306 una muerta consciente frente á frente á una viva.
1259 1349 2119 1402 Piedad para la luna, piedad para la luna:
1268 1402 2248 1458 No beseis vuestras novias, ioh, novios ante ella,
1265 1453 2254 1509 Dios sabe que de envidias y angustias está llena
1262 1507 2167 1563 la luz que nos envían la luna y las estrellas.
1725 1608 2224 1658 JUANA DE IBARBOUROU.
1489 1853 2057 1909 En una Primavera.
1656 1952 1883 2005 P
1373 2056 2107 2109 Dónde estará el amigo que me dijo,
1367 2107 1976 2157 acariciando sunevada barba:
1412 2161 2176 2214 Pequeña de ojos claros, ten cuidado,
1370 2215 1833 2265 tu corazón te ampara?
1370 2310 2113 2360 Las Primaveras al marcharse dejan
1370 2364 2143 2417 las lloviznas de otoño preparadas
1379 2415 2140 2468 Pequeña, ven despacio, mucho juicio.
1367 2471 1892 2524 no te quemen las llamas.
1376 2570 2128 2620 Estaba vo á sus pies humildemente,
1373 2624 2101 2674 humildemente y toda yo temblaba,
1370 2668 2125 2724 —¡Cómo cantan los pájaros—le dije¬
1373 2728 1922 2778 como es de fresca el agua!
1379 2824 2170 2877 Sobre mi frente, espejo de tormentos,
1376 2880 2149 2930 se detuvieron sus dos manos mansas,
1379 2931 2134 2981 se inclinó sobre mí con un susurro:
1388 2979 1937 3038 — Pobrecita muchacha.
203 3149 746 3199 Santo Domingo, 1904.
1707 3077 2134 3133 ALFONSINA STORNI.
1797 3143 2057 3193 Hondureña.
