2479 3508
188 113 462 169 Fémina
761 295 1645 354 El Juvierno está lejos todavía.
206 578 432 634 Alma mía;
206 623 952 679 sobre tu pasado amargo y tortuoso
203 668 597 721 levantate otra vez
208 710 895 769 Sacude tus mas intimos dolores
203 746 850 814 renace de nuevo a la alegría.
200 802 898 855 no oves al ruiseñor trinar alegre
203 838 898 903 saludando el albor del nuevo día,
203 946 925 1002 Mira la sementera, mira el prado
200 990 800 1049 en todo su verdor y lozanía.
206 1032 1003 1088 al sol con sus templados respladores
203 1083 889 1136 hace desparramar la dulce mies.
197 1128 919 1184 y fin en las montañas gigantescas
197 1167 988 1232 doncellas de esculturas corpulentas.
194 1214 844 1267 esperando del rústico labriego
200 1259 991 1315 que desgarre sus vientres tentadores
191 1304 967 1366 de generosas fecundantes hembras,
208 1346 853 1402 bropicios al martirio del arado
203 1379 1024 1452 yansiosos del deleite de las siembras.
203 1489 979 1548 Se cuaja el mar de mástiles diversos
206 1543 964 1596 y se enturbia el azul del limpio cielo
191 1585 880 1641 con el humo fugaz de los navíos.
206 1630 916 1685 y los rieles cual nero vigTOSOS
194 1677 895 1736 atraviesan los montes y los ríos,
874 474 1501 539 para el Poeta milio  Morel.
1385 575 2018 631 regando con afán vertiginoso
1376 623 2128 679 por todas las arterias del progreso
1388 674 1955 730 la savia de la vida
1379 767 1737 823 Naturaleza toda
1376 817 1976 870 al beso de la cálida mañana.
1376 859 2045 915 renueva su ropaje, su engalana
1398 908 1833 960 y se cubre de flores.
1385 1005 1615 1058 Alma mía;
1388 1047 1818 1106 posa tu pie desnudo
1382 1092 2164 1148 sobre la fresca hierba y estremécete
1379 1140 1851 1193 cual entreabierta rosa¬
1379 1182 2074 1241 al bienhechor contacto del rocio.
1385 1223 1797 1282 Sabre tu viejo nido
1379 1274 1877 1330 que enluteció el hastío,
1391 1322 2173 1372 vergnete y pon un prolongado olvido
1382 1367 1815 1420 sobre tu vieja pena,
1376 1411 2134 1467 y ama la vida que la vida es buena!
1385 1459 2206 1515 y aún hay lampos de sol en primavera,
1376 1507 2119 1560 y el invierno está lejos todavía.
1764 1579 2209 1629 JOS E. FERNANDEZ
1901 1638 2080 1697 (Tasito
1421 1680 1728 1736 Octubre 1922.
346 1794 430 1856 A
461 1796 2065 1873 O
889 1994 1513 2053 INAS.
591 2170 1719 2229 Aquella garza blanca de las lucientes plumas
537 2218 1713 2282 —suspiro que lanzaran al viento los arcanos—
549 2274 1633 2339 sintió, sobre sus alas—abanicos de espumas
537 2331 1740 2393 arrancados al mar.—la piedad de unas manos...
241 2421 1501 2485 La herida tuvo un trémulo rubi para la Hermana
197 2474 1325 2536 de Caridad, la monia del monasterio austero
185 2525 1307 2590 donde oficia el amor, por quien una mañana
194 2582 1292 2650 sin vendajes su herida ocultó un pordiosero.
994 2683 2095 2751 Pordiosero de amores; no viste en la lejana
940 2746 1952 2799 perspectiva del tiempo, á la Samaritana
940 2797 2000 2865 del ánfora bendita para calmar tus males,
594 2883 1594 2948 Y sigues, como yo, por la negra avenida
537 2937 1612 2999 de la Ciudad Doliente, ocultando tu herida
537 2994 1645 3056 abierta como un arpa de cuerdas infernales!
1319 3083 1791 3142 Armando OSCAR.
594 3125 752 3181 1922.
