2479 3508
214 122 483 178 Fémina
1997 110 2230 160 Página 10
486 343 2054 393 te at at
223 561 1191 617 Días alegres.—Para celebrar el nacimiento del ni¬
179 599 1200 661 o Dios hubo entre nosotros un verdadero derro¬
179 650 1203 703 che de actos sociales. Los diferentes centros de
173 695 1197 751 esta ciudad. 2 de Julio. Centro Español
188 728 1200 790 b Unitario Puertorriqueño y lavel Ro¬
176 781 1206 843 jo, lo han celebrado con festas que dejan un
167 826 1194 885 grato recuerdo en el ánimo de cuantos tuvieron
179 871 1197 927 la gloria de disfrutarlas entusiasmados, tocándo¬
182 916 1200 972 de a la plevade infantil des bordar el Día de Reves
176 964 594 1017 su natural regocio.
214 1005 1203 1061 Hasta nosotros ha liegado el simpático rumor
179 1044 1191 1103 de que debido a la iniciativa plausible de la dis¬
182 1092 1188 1151 tinguida dama de Frappier Presidenta de la so¬
182 1137 1191 1193 ciedad Ensueño se celebrarán entre los dis¬
179 1182 1200 1238 tintos centros sociales una serie de bales de
185 1226 1203 1282 Caraval, Reing para ello tanto entusiasmo que¬
182 1268 1191 1327 ya el Clu Unitario ha presentado su candi
179 1316 1203 1369 datura, contanto, hasta hoy, con el número mas
179 1364 1212 1414 elevado de votos, la sinpática señorita Antonia
191 1411 364 1461 Espinet.
220 1450 1203 1503 Felicitamos a dichos centros, y ponemos para
179 1492 1197 1548 el caso, á sus gratas órdenes nuestra humilde
188 1543 438 1602 publicación.
217 1641 1206 1691 En Cartera.—Ofrecemos á nuestros lectores para
182 1680 1209 1736 la prima edición un delicado cuento literario
182 1728 1203 1781 de la exquisita literata dominicana Dona Isabel
185 1776 573 1826 A Vda, Pellerano.
223 1814 1200 1870 Damos las gracias a tan ustrada dama, por¬
179 1859 1212 1915 ese obsequio con que ha tenido la amabilidad de
188 1907 958 1960 honrar nuestra humilde publicación.
229 2003 1206 2059 Triunto de la Mujer.—Aunque no tenemos el honor
179 2047 1206 2100 de conocer a la inteligente señorita Glados E. de
191 2092 1206 2145 los Santos N, sabemos de fuente segura, que es
179 2137 1209 2187 ella una aprovechada estudiante de un elevado
185 2182 1206 2235 curso de Odontología, y que ha sacado honrosas
185 2226 1203 2279 notas en los exámenes de los cursos anteriores.
188 2274 740 2324 en la Universidad Central.
229 2316 767 2369 Paso al talento femenino.
229 2415 1203 2465 Reproducción. Damos las gracias á nuestro colega
185 2459 1200 2512 local La Prensa, por haber reproducido el tra¬
188 2501 1212 2557 bajo literario intitulado Madre, publicado en
191 2546 1200 2602 nuestra edición anterior y cuya autora es la inte
185 2594 1077 2647 gente Srta. María L. Oliver (Asiulairam.
232 2683 1218 2733 Nuevos canges.—De la Capital, nos ha llegado en
188 2722 1203 2781 cange, el primer número de la bella y bien pre¬
194 2770 1215 2826 sentada revista Social que mensualmente
185 2815 907 2871 editará un grupo de adolescentes.
235 2853 1206 2912 También nos ha llegado el primer número de
191 2907 1206 2963 la interesante y simpática revista laridad,
185 2946 1218 3005 editada en la Capital por la sociedad literaria.
211 2994 1218 3047 Phis Ultra y en la cual, nueve jóvenes que
194 3039 1203 3095 componen esa agrupación, exponen en dicha re¬
197 3083 883 3136 vista su gallarda labor literaria.
229 3131 1134 3181 Larga vida deseamos á los nuevos colegas.
1280 549 2266 611 Folleto Musical.—También ha llegado á nuestra me¬
1236 596 2269 652 sa de trabajo, un folleto contentivo de los Estatu¬
1241 641 2271 697 tos de la sociedad Amantes del Arte, fundada¬
1241 686 2263 742 en esta ciudad con el obleto de estudiar el arte,
1250 731 2266 790 musical y de celebrar conciertos cuando los ade¬
1244 781 2095 831 lantos de dicha sociedad así lo permitan.
1283 844 1668 894 Paso á la cultura!
1283 952 2263 1008 Nuevas fechas de publicidad.—Hemos resuelto, por con¬
1256 999 2266 1049 venir así a la organización de nuestra empresa,
1241 1038 2263 1103 y para comodidad de nuestros suscritores, cam¬
1253 1083 2271 1139 biar desde el mes entrante, la fecha de salida
1253 1131 2269 1184 de nuestra revista. En lugar de los días lo, y 15
1241 1179 2266 1229 de cada mes, como se venía publicando, saldrá
1247 1223 1910 1276 los días 15 y 30 del mismo mes.
1289 1274 2271 1333 Así mismo, proponemos á nuestros amables
1247 1322 2266 1378 suscritores y anunciantes, hacer el pago por
1247 1370 2269 1420 trimestre o semestre adelantado; aunque hay
1250 1411 2269 1464 entre ellos quienes expontáneamente acostum¬
1253 1459 2269 1509 bran así hacerlo, veríamos con satisfacción, por¬
1247 1504 2269 1557 las razones arriba expuestas, que se generalizara
1250 1549 1630 1602 el procedimiento.
1283 1605 2176 1658 La Administración anticipa las gracias.
1292 1719 2266 1769 Necrología de un lustre. La República Dominicana,
1250 1758 2269 1817 está de duelo, pues acaba de perder para siem¬
1256 1803 2277 1862 pre uno de sus mas grandes hombres, el ilustre
1250 1853 2143 1909 ciudadano y patriota Don Emiliano Telera.
1289 1907 2271 1963 La sociedad dominicana se siente profunda¬
1250 1952 2271 2008 mente conmovida con la mente de este ilustre¬
1247 1994 2271 2053 hombre superior, en quien veía el múltiple elem¬
1253 2047 2269 2097 blo de ilustre ciudadano, consciente patriota,
1247 2089 2143 2142 eminente letrado y buen padre de fumilia.
1298 2146 2277 2199 Duerma en paz el anciano venerable y reciban
1250 2194 2098 2247 sus deudos nuestra sincera condolencia.
1295 2307 2280 2357 Enlaces de Amor.—El día 22 de Diciembre ppdo.
1259 2343 2277 2405 unió sus destinos en dulces lazos de amor, la es¬
1262 2397 2277 2447 biritual y virtuosa señorita Mercedes M. Perez,
1253 2438 2277 2491 hermana de nuestro amigo Felik Ma Pérez, con¬
1253 2486 1979 2536 el correcto jóven Tomás G. Senio.
1298 2537 2277 2593 También, en esta ciudad, ratificaron sus pro¬
1253 2585 2277 2638 mesas amorosas el día S de este mes la distin¬
1256 2630 2283 2686 guida y gentil señorita Blanca Rodríguez y el
1253 2674 2280 2727 correcto caballero José Antonio imenez, alto
1256 2722 1988 2775 empleado del ingenio Las Pajas.
1298 2776 2074 2835 Que la dicha por siempre les sonria.
1295 2889 2280 2942 Esponsales. Han hecho mutua promesa de amor
1259 2937 2280 2987 en esta ciudad los estimados jóvenes amigos
1262 2982 2283 3035 muestros Srta Delia Sasso y Sr. Carlos B.
1253 3027 1430 3080 Lenor
1310 3080 2280 3136 Que muy pronto vean realizados sus sueños
1256 3128 1507 3181 de ventura.
