2479 3508
385 1146 2215 1199 DLILDRERODLIZA.
349 1310 432 1369 Y
465 1313 1277 1369 AQUELLOS inclitos varones su¬
277 1352 432 1420 N
495 1370 1277 1426 pieron guardar en las rocas de
322 1397 447 1461 N
483 1423 1268 1476 sus pechos aquel triásico secreto.
489 1477 1271 1530 que habían jurado en la tarde
283 1495 418 1560 N
259 1531 1271 1590 del 16 de Julio de 1843, para en
483 1585 1274 1635 la memorable noche del 27 de
244 1635 1268 1691 Febrero del siguiente año, de común acuer¬
247 1686 1265 1742 do, romper con decidida valentía el igno¬
250 1743 1268 1796 minioso vugo de la dominación haitiana.
250 1794 1274 1850 bajo cuyo peso hacia 22 años gemía la pa¬
250 1847 821 1903 tria de los dominicanos.
313 1901 1274 1957 El dia anterior, el 26 (dice el historiador
250 1958 1277 2011 A. Tejera en unas notas traducidas de la
250 2009 1274 2065 Historia de Haití nada habian concertado
250 2068 1277 2118 los insurgentes respecto al pabellón que
256 2116 1274 2172 iba á adoptarse, y se reunieron esa tarde
244 2167 1277 2223 con el proposito de disponer sobre el par¬
253 2229 438 2279 ticular.
322 2271 1274 2327 Opinaron algunos que era necesario
253 2331 1277 2381 desechar los colores de la bandera haitiana
262 2385 1277 2441 pero Joaquin Puello fué de parecer que
250 2432 1277 2491 convenia emplearse esta, alegando que po¬
253 2486 1277 2545 dian presentarse incidentes serios y com¬
259 2540 1268 2605 prometedores si se arbolaba otra. "Deje¬
256 2600 1283 2653 mosla tal como está, y cuando se reuna la
256 2653 1280 2703 Constituvente, entonces el pueblo sabrá a
253 2707 1125 2760 que atenerse y podremos sustituirla.
328 2761 1283 2811 Pongamosle una cruz blanca dijo uno
250 2812 1280 2865 de los congregados, proposicion que fue
250 2871 829 2921 aceptada á unanimidad.
304 2919 1286 2972 aquellos esforzados paladines, con el
253 2970 1277 3029 ansia suprema de ser libres, colocaron so¬
250 3024 1274 3080 bre el odioso pabellon de las dos franjas, la
253 3083 1265 3133 magistral cruz blanca, símbolo de paz y
250 3134 1277 3187 redencion. 1 aferrados al ideal hermoso de
268 1238 342 1294 E
1316 1579 2334 1632 ticia y el derecho, consolidados, habian de
1313 1632 2334 1685 servir de base fundamental á sus grandes
1307 1686 2331 1742 aspiraciones de ciudadanos libres i civili¬
1313 1743 1456 1799 zados.
1364 1794 2060 1844 27 DE FEBRERO DE 1923.
1373 1841 2325 1900 Hoy que se inicia una nueva era de re¬
1313 1895 2331 1954 construccion politica; aligerado el peso de
1313 1946 2325 2005 extraña intervencion que nos agobiaba, re¬
1313 2006 2331 2062 flexionemos en este aniversario, sobre la
1316 2059 2328 2124 grandiosa epopeya del 44 meditemos sobre
1313 2110 2328 2169 la grandeza de aquel esfuerzo heroico reali¬
1322 2161 2331 2223 zado por esos gallardos campeones que sa
1316 2224 2325 2274 adelantaron á su época en pensamiento y
1319 2274 2325 2327 en accion, y ofrendemos sobre su tumba,
1322 2328 2325 2384 como homenaje de recordacion y gratitud,
1325 2373 2334 2435 la promesa de un noble i patriotico propo¬
1322 2430 2334 2488 sito de colocarnos en el concierto de las
1328 2480 2331 2542 grandes naciones, fomentando la agricul¬
1319 2534 2334 2596 tura como verdadera base de la riqueza de
1322 2588 2331 2647 los pueblos; favoreciendo las industrias
1319 2641 2331 2703 nacionales, como estímulo al trabajo que
1319 2701 2331 2751 vigoriza y salva á las naciones; estrechando
1319 2752 2328 2808 en fin, cada vez mas los vinculos de la con¬
1322 2797 2331 2865 fraternidad, para que reinando una paz fe¬
1316 2856 2328 2915 cunda y bienhechora, se verifique una sa¬
1322 2913 2328 2972 ludable reparacion politico-social, que irá
1313 2964 2322 3020 en provecho y progreso de nuestra vida na¬
1322 3018 2331 3077 cional, y llegaremos a sentirnos orgullosos
1322 3071 2328 3130 de tener una patria tal como la soñaron
1322 3131 2060 3187 nuestros gloriosos antepasados.
1531 2 2277 172 A
1719 107 2086 222 ERIA
1003 331 1716 381 ENINA
588 468 1997 524 REVISTA DE LITERATURA, CIENCIAS Y ARTES
874 516 1713 572 CONSAGRADA ALA MUJER.
931 605 1656 658 DIRECTORA ADMINISTRADORA.
818 659 1776 709 PETRONILA ANGELICA GOMEZ
1119 713 1468 766 Maestra Normal.
1122 802 1459 855 REDACTORES:
818 856 1758 909 MARIA L. ANGELIS DE CANINO.
379 892 2191 951 PETRONILA A. GOMEZ, CONSUELO MONTALVO DE FRIAS.
865 979 1680 1032 San Pedro de Macos, Febrero 28 de 1923
2152 982 2304 1032 I. 14
289 990 468 1043 ado 1
