2479 3508
161 64 441 217 Fémina
2045 55 2257 211 P
1671 241 1779 280 E
650 390 1767 429 SONE TOS MONOCORDES.
1313 477 1645 516 Para FEMINA.
513 573 1140 618 SILUETA HEROICA.
713 646 1633 679 El indio taciturno quizas postrer vestigio
615 691 1603 733 de aquella inclita raza de caciques gloriosos.
618 739 1573 775 de la campiña triste, con señorial prestigio.
618 784 1642 823 tranquilo va cruzando los caminos polvosos
713 855 1624 897 Nadie sabe qué afan, arrastrale, sombrío,
618 909 1618 942 hacia el distante bosque de salvajes rumores:
620 955 1555 986 ni saben por que mira con el supremo frio
615 1000 1594 1037 de las cosas inertes, por los alrededores.
710 1071 1725 1114 Tal vez, siniestramente, bosqueja su venganza.
609 1122 1579 1156 en el altar magnanimo de su valiente pecho,
615 1169 1743 1211 para extirpar los parias que á su patria envilecen.
710 1244 1824 1275 Nadie sabe que piensa.... ¡iradle en lontananza
618 1292 1639 1323 sus pasos dirigiendo por un sendero estrecho,
615 1334 1704 1374 donde las crueles zarzas á sus antojos crecen.....
501 1420 1295 1459 DE LA VIDA NOCTURNA.
704 1495 1767 1529 En la penumbral túnica de esta noche tranquila
609 1543 1376 1580 dilatase la voz del rumor cefiresco,
620 1593 1621 1631 y mientras se transforma en melancolico eco,
612 1636 1471 1675 en el cielo clarece la lunesca pupila....
704 1706 1845 1748 Cual bárbaros fantasmas de algún cuento chinesco,
615 1759 1513 1792 se deshojan los arboles, colocados en fila
609 1804 1621 1837 sobre el largo camino, donde el polvo compila
615 1851 1725 1891 los errantes microbios de algún mal satanesco
707 1925 1659 1959 Es la vida nocturnea que se cierne agresiva
615 1980 1600 2010 por sobre los vislumbres del agónico Dia....
615 2019 1597 2049 Es el misterio augusto de las cosas solemnes
698 2095 1659 2129 que pavidas resurgen y vuelan hacia arriba
612 2143 1519 2177 a platicar, sumisas, con la maga Armonía
612 2190 1725 2229 que gravita en el cielo con sus ritmos perennes.
504 2265 1295 2310 PROPOSITOS RISUENOS.
713 2342 1615 2378 Yo soy un triste romero llegado de lejana
603 2387 1525 2429 bulliciosa ciudad, do no fuí comprendido,
609 2439 1427 2473 para gozar en esta dulce paz aldeana,
612 2486 1591 2520 las horas de solaz que nunca yo he vivido.
704 2543 1573 2577 Aquí platicaré con mi selecta hermana:
609 2587 1379 2623 la maga Poesía.... Viviré su latido
618 2636 1624 2670 repleto de cadencias.... Soñaré en la mañana
612 2683 1528 2720 con la delicia azul de un amoroso nido.
707 2740 1627 2782 Perfumaré mi pecho con la serena unción
609 2786 1504 2829 de mi romanticismo rebosante de gracia
609 2843 1627 2877 y con el suave aroma de mis ensoñaciones.
713 2894 1728 2939 Y á los blancos misales de una ingénua pasión,
603 2942 1453 2978 sutil reveladora de riente aristocracia,
612 2992 1597 3032 recitaré, dichoso, mis mejores canciones....
1349 3063 1800 3105 N. A. JORGE RIVAS.
606 3116 1594 3161 ¿Del libro en prensa Campanas de Crista,)
1116 3185 1842 3227 Santiago de los Caballeros, 1923.
1579 3260 1671 3299 E
