2479 3508
301 193 504 249 Página 3
2027 193 2295 246 Fémina
426 513 1283 563 INGUN sentimiento humano eleva¬
429 564 1277 617 el espíritu del hombre a mayor
465 617 1289 667 altura, inflamando su corazón de
268 668 1289 721 orgullo, que el amor al patrio suelo, ya sea
268 725 1286 775 la nativa tierra el mas pequeño país como
268 779 1095 829 la mas poderosa nación del mundo.
310 829 1283 882 Santo Domingo es uno de los estados de
262 883 1298 936 mas estrechos límites y no existe un solo
262 937 1286 990 dominicano que no sienta el mas grande
268 993 1280 1043 amor por su historia, por sus glorias y por
262 1044 1095 1094 todos los tesoros que él comprende.
325 1095 1280 1151 ¿Qué montañas son mas bellas y hermo¬
262 1149 910 1202 sas que las que entre valles
265 1199 895 1255 de espléndida verdura pa¬
262 1256 829 1309 recen alcanzar el cielo?
319 1307 901 1366 ¿Qué ríos de transparen¬
271 1364 910 1417 tes aguas de apacibles co¬
268 1417 910 1470 rrientes, brindan á su sed
268 1465 701 1521 mas dulce halago?
319 1522 904 1581 ¿Qué cielo, de raras tona¬
265 1573 913 1629 lidades, á veces azul a veces
268 1626 913 1682 sombrío, tiene mas encanto
268 1686 916 1736 que ese pedazo de la bóveda
271 1737 907 1790 del firmamento cuyo sol
271 1791 904 1850 parece solo alumbrar sus
268 1841 740 1897 tierras y sus mares?
316 1892 913 1951 Qué otras mujeres mas
277 1946 916 1999 bellas que aquellas en cu¬
280 2003 913 2056 vos ojos encendió Dios la
268 2056 910 2106 luz de la gracia y en cuyo
271 2107 907 2160 corazón infiltró el mas
1155 2107 1558 2160 Enriqueta M. de CRUZADO.
271 2164 919 2220 grande amor á las alegrías
274 2218 791 2274 y venturas del hogar?
1015 2218 1310 2268 Noviembre de 1922.
322 2271 907 2321 ¿Qué otros hombres mas
277 2319 916 2375 valientes y cellosos de su¬
268 2370 1283 2429 honor que aquellos que en desenfrenada
268 2421 1289 2482 lucha viven reclamando el imperio del de¬
271 2480 1104 2536 recho de la igualdad y la justicia?
322 2552 1283 2611 Esos grandes nobles y edificantes senti¬
268 2615 1286 2668 mientos prevalecen, cuando no se degenera
274 2665 1286 2727 para convertirse en fenómeno que no ha
268 2713 1286 2772 sido aun clasificado por la zoología, en to¬
271 2773 1286 2829 do humano ser; pero en el espíritu de todo
268 2830 1277 2880 dominicano se manifiesta con mas fuerza.
262 2883 931 2936 con mas grande intensidad.
322 2952 1289 3011 Tal vez esto ocurra por su humildad, por
265 3012 1295 3068 la escasez de sus recursos, por la pequeñez
265 3059 1292 3118 de su territorio, que todos los dominicanos
271 3116 1292 3169 veamos en ella como una madre bondadosa
284 3167 1289 3227 y tierna, pero pobre y exhausta de fuerzas
1140 1268 1462 1324 AMORANZA...
1050 1370 1603 1420 Encanto de mi ser, por qué te fuiste
1012 1414 1525 1467 dejando musta y en mitad del día.
1009 1456 1501 1509 consumida, alida, siempre triste
1003 1501 1525 1554 en mitad de la noche el alma ma¬
1053 1573 1585 1626 Bien sabías que te amaha y deliraba¬
1009 1617 1525 1670 tan solo por sentime vo a tu lado;
1015 1662 1525 1718 iy no pudiste ver que el fatal hado
1003 1707 1546 1760 de mis manos febriles te arrancaba?
1053 1779 1543 1832 Te fuiste sin dejarme en tu falía
1009 1823 1489 1873 ni el poético encanto de una flor
1009 1868 1510 1921 que llenara mi alma de ambrosa;
1056 1940 1525 1990 y te fuiste sabiendo que el amor
1009 1982 1468 2035 tan puro como vo por ti senta¬
1009 2020 1510 2079 me nagabas, ingrato, con dolor.
1340 507 2337 560 para prestarnos su ayuda en la prosperi¬
1334 561 2337 617 dad de nuestra hacienda y en el desenvol¬
1331 614 2039 667 vimiento de nuestro porvenir.
1379 671 2340 721 No obstante, así queremos a esta santa
1334 725 2340 778 y venerada madre que se llama República,
1328 776 2337 829 Dominicana, sobre cuyo suelo nos regaló
1331 829 2337 882 Dios la vida, llena de encantos, de los que
1325 886 2340 936 no han dirfrutado muchos seres de la
1331 940 1480 990 tierra.
1382 985 2331 1040 Esa patria tan pequeña en sus fronte¬
1328 1038 2337 1097 ras, tan limitada en su población, tan po¬
1328 1089 2340 1148 bre en sus recursos se ampara bajo la som¬
1707 1146 2337 1199 bra de una bandera, que es
1603 1173 1674 1232 A
1698 1202 2340 1252 el mas hermoso palio que
1704 1253 2337 1312 pudiera crear la fe y el pa¬
1698 1307 2340 1360 triotismo de sus hijos: en
1698 1889 2334 1945 Patria y tal como la senti¬
1704 1940 2367 1996 mos la revelamos. Para
1704 2000 2337 2050 nosotros no hay sol mas
1698 2050 2334 2106 tardiente, luna mas clara,
1707 2104 2343 2154 ni estrellas mas brillantes
1707 2152 2340 2211 que nos vean desde el infi¬
1701 2206 2343 2262 nito; agua mas pura, flores
1704 2259 2346 2315 mas perfumadas ni aire mas
1701 2319 2343 2369 sano que el que nos regala
1328 2367 2340 2423 la gran naturaleza; manjares mas apetito¬
1334 2421 2346 2474 sos diversiones mas animadas ni relaciones
1334 2474 2346 2530 llenas de mas grande humor que las que
1334 2531 1973 2584 nos brinda nuestro pueblo.
1388 2579 2337 2635 Bendita esta tierra que todos los domini¬
1337 2636 1731 2686 canos llamamos
1776 2636 2331 2688 nuestra Patria nuestra
1334 2689 2343 2742 como si no fuera suficiente llamarla una
1343 2737 2337 2793 sola vez nuestra, cuando la idea de per¬
1340 2791 2337 2847 tenencia la resume esa palabra pronuncia¬
1334 2850 2343 2900 da o escrita una sola vez, pero cuando la¬
1337 2904 2337 2954 ratificamos nos parece que, personificada,
1337 2955 2340 3008 tomamos sus manos y las estrechamos en
1340 3006 2340 3059 nuestro corazón, sintiendo la necesidad de
1350 3056 2337 3115 protestarle nuestro afecto repitiendo: Pa¬
1337 3116 2018 3166 tria, nuestra Patria nuestra.
1865 3167 2292 3223 FELI MA. PEREZ.
1695 1358 2337 1414 el centro una cruz blanca,
1698 1414 2334 1464 signo imperecedero de la
1701 1465 2334 1518 única cierta doctrina, y en¬
1698 1516 2328 1572 tre las dos franjas trans¬
1701 1573 2337 1623 versales, alternando, el azul
1695 1623 2331 1676 de los cielos y los mares y
1695 1677 2331 1727 el rojo de los crepúsculos y
1695 1725 2340 1784 las cimas encendidas de los
1701 1785 1913 1838 volcanes.
1758 1835 2337 1888 Esa es nuestra noción de
1030 331 1579 393 PARIA
