2479 3508
161 166 438 216 Fémina
334 322 2024 384 na de las las NTONCCION
113 862 334 912 Señores:
173 958 1158 1011 Sea la nube gris que empaña los azules
119 1011 1161 1073 horizontes de la Patria, no un motivo para
113 1065 1152 1124 el plañir del patriotismo, de ese patriotismo.
113 1119 1158 1181 ardiente y generoso que con el sagrado
125 1173 1161 1238 ejemplo del heroismo y el indómito valor
113 1226 1158 1291 nunca vencido, nos infundieron, al nacer
119 1283 1131 1342 los bizarros y gloriosos paladines de nues
119 1337 1152 1396 tras inclitas cruzadas redentoras. No se¬
125 1391 1143 1449 ñores, sea motivo para nuestras exaltacio¬
119 1444 1152 1503 nes patrióticas este horrendo desfilar de
122 1498 1158 1557 sombras y de abismos que la mezquina in¬
125 1555 1158 1614 tromisión del poderoso, difundió en un día
119 1608 1167 1670 de lúgubre memoria, en el bendito y caro
119 1662 1146 1715 suelo de la Patria. No cabe al pueblo vale¬
119 1722 1155 1775 roso y denodado de El Número, Cachimán,
119 1779 1152 1829 Beler, Cambronal, Santiago. Sabana Larga,
122 1823 1161 1885 Altamira, Puerto Plata y cien mil jalones
128 1877 1164 1942 mas de heroismos estupendos, acojerse, co¬
128 1937 1155 1996 barde, ante el negro amago de la sombra, a
128 1994 1161 2050 la culpable condición de mísero vencido.
128 2041 1155 2097 puesta á la razón de la fuerza la incon¬
125 2098 1161 2157 trastable fuerza de la razón y manteniendo
125 2155 1155 2211 encendida y latente en nuestras almas la
128 2206 1164 2268 inextinguible llama de la fe en nuestros
125 2256 1158 2318 ideales de Dios. Patria y Libertad, arros¬
125 2316 1152 2375 tremos con denuedo y dignidad inquebran¬
125 2367 1161 2429 tables, los cien mil dolores y sacrificios
122 2427 1164 2485 que fuesen necesarios para restaurar la
125 2477 1158 2536 República y devolverla á las generaciones
128 2537 1155 2599 que se levantan digna, grande, próspera,
1194 835 2242 894 feliz y respetada, como la concibió la men¬
1203 895 2242 951 te inmaculada de Duarte el predestinado.
1247 946 2239 1005 Señores; el gran relo del tiempo marca
1200 999 2233 1058 un año mas en nuestra vida de pueblo so¬
1200 1053 2224 1112 berano, independiente y libre; fecha mag¬
1206 1110 2239 1166 na es esta, señores, que recuerda á los
1200 1161 2236 1223 opresores y tiranos, el modo cómo se que¬
1206 1214 2239 1276 branta un vugo y se quiebran férreos es¬
1206 1274 2245 1333 labones! En una noche memorable, á la
1200 1331 2242 1387 luz de las estrellas temblorosas y distantes,
1206 1382 2239 1441 bajo la vieja arcada del Baluarte, puerta
1200 1435 2242 1494 de entrada de la gloria y del honor, una
1203 1489 2224 1551 mano valerosa se alargaba en el silencio y
1206 1540 2245 1602 unos labios patricios se entreabrían al es¬
1206 1591 2245 1655 trepitoso sonar de un trabucazo, y al vi¬
1209 1656 2239 1712 brante grito de Espartaco, se alza, noble,
1203 1707 2233 1769 soberbia y orgullosa la imagen de la au¬
1209 1758 2245 1823 gusta libertad. La República se alzó y en
1206 1817 2245 1873 hombros de la gloria se empinó en lo mas
1200 1871 2245 1930 alto de la cumbre de la historia y saludó al
1209 1922 2233 1984 mundo envuelta en los pliegos de esta va¬
1206 1976 2236 2038 liente heroína de nuestras épicas grande¬
1206 2032 2242 2091 zas; la bandera dominicana! A exaltar el
1206 2092 2242 2148 recuerdo de tan gloriosa fecha va encami¬
1212 2143 2242 2202 nado este acto de cultura cívica que aspira
1206 2197 2239 2259 a gravar con caracteres eternos el nombre
1206 2247 2248 2306 de la Patria de Duarte, de Sanchez y de
1209 2304 2245 2366 Mella, en las inmaculadas conciencias de
1206 2361 2051 2420 nuestros amables y risueños niños.
1262 2415 2245 2471 Séame, pues, permitido, declarar abierta
1206 2471 2245 2527 esta velada, unida á vosotros en Dios, Pa¬
1206 2534 1889 2584 tria y Libertad. He dicho.
785 2785 1573 2835 DUERGE
173 2880 1167 2942 De cuantos abonaron con su sangre en la Re¬
128 2925 1176 2990 pública la fe del ideal, ninguno mas excelso que
128 2976 1092 3035 el vencedor ilustre de Cacian y El Número.
173 3018 1161 3074 Como soldado inito en las cambabas liberta¬
125 3065 1155 3121 doras del Sur como patriota antero de encendi¬
125 3113 1164 3169 da abnegación civica, su grandeza homérica abrá
125 3152 1161 3214 de culinar siempre en la Historia por la clari¬
125 3209 537 3262 dad de la epopeva.
1247 2874 2251 2933 Al través de los tiempos, extinto ya el eco de
1212 2925 2251 2981 las pasiones políticas, el alma nacional se inclina¬
1212 2967 2251 3023 reverente ante las frias cedizas del heroe, y con¬
1215 3012 2254 3065 sagra á la memoria del patriota y del guerrero
1209 3059 2248 3112 el homenaje debido á las preclaras virtudes de
1215 3110 2254 3163 los que abonaron con su sangre, en la república,
1212 3155 1516 3208 la fe del ideal.
1707 3200 2203 3250 MANUEL A. MACHADO.
1188 599 2242 655 Discurso escrito por el insigne poeta Federico R.
1089 647 2239 703 Bermidez, para ser leido en una velada escolar infanti¬
1089 692 2242 748 preparada para conmemorar la maana fecha de nuestra
1095 743 1579 796 Independencia Política.
