2479 3508
668 280 841 337 —
1382 286 1937 360 A
931 298 1224 354 NAS
668 306 841 360 A
668 337 1952 396 N
271 1459 865 1509 cinglería en aquel barrio
271 1516 859 1569 cercano. Es un baile.
271 1567 862 1629 ¡Cuántas y cuántas veces
265 1623 862 1673 en mis horas de tristeza
274 1674 868 1724 o de aburrimiento estuve
268 1725 859 1778 en medio de aquella zam¬
274 1776 856 1832 bra grotesca! Cantares
271 1835 865 1885 bárbaros y gruñidos de
268 1886 868 1939 borracho apagaban los
262 1937 850 1990 sonidos de la música, po¬
268 1988 862 2047 niendo en los ojos ojero¬
274 2044 871 2097 sos de las tentadoras
271 2101 865 2151 odaliscas fosforescencia
271 2155 791 2205 de pupila gatesca.
322 2206 868 2259 Pon atención. Parece.
271 2259 874 2312 que ha cesado el ruido.
268 2313 868 2363 Nos favorece el aire. No
271 2367 868 2417 oves cómo desgranan
268 2418 865 2471 raudales de armonías?
268 2468 862 2521 Dijérase que las impre¬
271 2525 862 2578 caucciones, las rebelldías,
268 2576 871 2629 las tempestades y los in¬
364 608 856 661 NUELTA ese instru¬
316 653 859 721 Smento de música.
271 719 862 772 No toques mas. Arroja
268 773 856 829 esa maldita partitura q.
265 826 859 876 me hace mucho daño. A¬
274 880 865 930 paga las luces. Siéntate
262 934 510 984 a mi lado.
316 982 859 1035 Asómate ahora al bal¬
265 1035 862 1088 cón. Mira como la luna
271 1092 862 1142 riela sobre las mansas
271 1143 865 1196 aguas de aquel charco
271 1193 862 1249 pestilente. Observa como
271 1247 856 1303 canta la rana y como cru¬
271 1298 862 1357 zan zumbando por el es¬
274 1358 755 1414 pacio los mosquitos.
328 1408 862 1458 Escucha ahora la vo¬
274 2624 1292 2683 finitos dolores acumulados en aquel salón
268 2674 1289 2733 en donde se agitan epilépticos los danzan¬
274 2728 1286 2790 tes, tienen atroces desgarramientos de do¬
274 2791 1080 2841 lor, de acerba amargura del vivir.
322 2842 1286 2894 No llores. Limpia esas lágrimas. Cesa
274 2895 1280 2945 con ese hipo. Desecha por esta noche la
271 2946 1295 3002 tristeza. Serénate. Que no te abrumen
274 3000 1292 3056 las penas. Que no se enseñoree de ti las
268 3050 1280 3106 estúpidas puerilidades de los pasados re¬
271 3107 1286 3160 cuerdos.... Bien sabes que el amor son
271 3155 1286 3217 cenizas que, con los desengaños, se marchi¬
1886 501 2209 554 Paro FEMINA.
1328 2621 2328 2677 ta arrebatado por los vientos de la ingrati¬
1334 2677 1725 2727 tud y del olvido.
1385 2728 2334 2781 Resígnate. Confiésame que estás tran¬
1331 2785 2340 2835 quila. Que no lloras, Que no suspiras. Ni¬
1331 2839 1800 2889 tampoco que gimes.
1379 2886 2334 2939 Bien. Así me gusta. Ahora estás mas
1337 2943 2331 2993 bella. Perdóname que sea inoportuno.
1340 2994 2337 3050 Tus ojos hablan de ensueños y de trágicas
1334 3045 2334 3098 emociones. Tus labios evocan algo de mis¬
1340 3095 2337 3154 terios inquietantes. Eres en este momento
1340 3149 2337 3208 feliz, todo ternura, todo pasiones y todo
