2479 3508
107 1871 1116 1924 Vosotros, los humildes, los del montón salidos,
104 1919 973 1972 heroicos defensores de vuestra libertad.
110 1958 985 2020 que en desfiladero o en la llanura agreste
110 2009 1110 2065 cumplisteis la orden braya de vuestro capitán.
116 2104 1227 2157 Vosotros, que con sangre de vuestras propias venas.
113 2155 1113 2211 por defender la patria manchasteis la heredad,
107 2197 1021 2253 kallasteis en la licha la muerte y el olvido
116 2241 1012 2303 la gloria fue, absoluta de vuestro Capitán.
116 2343 1062 2396 Cuando el cortante acero del enemigo bando
113 2391 1035 2441 cebó su furia sobre de vuestra humanidad.
119 2432 988 2488 y fuisteis el propicio legado de la tumba¬
110 2480 976 2533 sin una cruz piadosa ni un ramo funeral.
113 2525 1236 2578 también á vuestros nombres cubrió el eterno olvido
116 2576 1176 2626 tan solo se oyó el nombre de vuestro Capitán!...
122 2671 1074 2721 Y ya cuando á la cumbre de la sonada gloria
113 2710 1062 2769 subió la patria ilustre que fue vuestro ideal.
110 2758 1083 2814 en aureos caracteres la historia un homenaje
116 2809 1137 2865 rindió a la espada herica de vuestro Capitán.
113 2910 1021 2960 Dormidos á la sombra del arbol del olvido.
116 2955 1185 3005 quién sabe en donde el resto de vuestro ser estál
113 2997 1095 3053 vosotros los humildes, los del montón salidos,
113 3042 1030 3095 sois parias, en la liza con sangre fecundais
107 3083 1030 3139 el arbol de la fama que da las verdes hojas
128 3140 1125 3193 para adornar la frente de vuestro Capitan.
143 169 423 219 Fémina
101 274 495 327 transportes....
161 325 1152 384 ¡Qué divina es la pieza de música que
107 378 1146 434 interpretan ahora! ¡Qué impresión causa
119 426 1143 494 y qué extasis producen sus sonidos! Pare¬
107 483 1158 542 ce que hace sentir los huracanes y habla
107 540 1152 596 de tristezas de moribundo, Dijérase que
110 590 1140 649 se saborea la voluptuosidad para contraer¬
110 647 1152 706 se los seres humanos angustiosamente.
113 707 1152 760 Tiene bellezas de TRISTAN e ISOLDA.
113 761 1152 814 Tiene partes del Crepúsculo de los Dioses,
119 811 1158 867 última llamarada que produjo el alma y el
107 868 856 921 cerebro de Giuseppe Martucci.
170 919 1164 978 Cesó ya todo. Se concluyó la explosión
107 970 1149 1029 de los placeres. Rendidas empiezan á salir
113 1029 1158 1085 las parejas. Espera. Por aquí tienen que
128 1083 1152 1142 pasar. Mira aquella que viene acompaña¬
116 1137 1155 1196 da de un pinturero, como tiene sobre su
113 1191 1149 1246 cabeza un ensangrentado clavel. Qué lu¬
116 1244 1158 1309 guriosos y vengadores parecen sus ojos á la
113 1304 1164 1357 Juz del día. Aquella otra se le retrata una
113 1352 1161 1411 tristeza fatal y tiene el color de muñeco de
116 1405 1152 1467 cera. Su madre, que la acompaña, parece
125 1465 1155 1518 sentir la nostalgia de algo irremediable y
113 1519 1164 1578 trata de desconocer el drama que la tortu¬
835 1758 1044 1811 MOMBRE.
316 1761 806 1814 E LOS HERUES SIA
674 3227 1224 3280 FEDERICO R. BERMUDEZ.
1194 265 1555 315 ra atrozmente.
1247 313 2236 372 Aquellos otros grupos vienen cantando.
1194 364 2227 425 Algunos traen la patosa pesadez de los bo¬
1188 420 2239 479 rrachos. Algunas, combándose señalan
1191 477 2239 536 sus huesos y las carnes cubiertas de polvos
1194 537 1421 593 de arroz.
1241 584 2239 643 Siguen cantando. Sube por encima de
1194 635 2230 697 todos la voz de un mozalbete. Es un gol¬
1188 689 2233 754 fo. Dulce como un suspiro y suave como
1200 749 2236 808 un eco, percute á lo lejos gratamente. La
1194 799 2239 861 copla parece que habla de botellas de rojo
1203 853 2239 912 vino, de mirares de mujeres y de promesas
1194 919 1456 969 de querer.
1247 970 1916 1026 Todo pasó como pasa todo.
1259 1017 2236 1076 Y mientras que el sol nos envolvía
1194 1071 2233 1133 en sus prismáticos rayos trasmontándose
1200 1122 2230 1199 por el Naciente, despertamos de aquel sue¬
1200 1182 2236 1243 ño en donde los carinos del alma arrebata¬
1200 1235 2245 1297 dos uno á uno por el Destino, ponía sobre
1203 1292 2251 1354 los labios, secos de amor, una sonrisa de
1203 1355 1477 1408 muerte.
1665 1399 2191 1455 B. PORTELA ALVAREZ.
1492 1755 2051 1808 AMURA, SUY ZAGALA.
1271 1865 2068 1921 Ahora soy la linda zagala que salvaje
1268 1919 2260 1975 camina por la selva, despreocupada y franca;
1271 1976 2230 2032 a mi paso armonioso se estremece el ramaje,
1271 2026 2230 2094 y musita el sendero su plegaria mas blanca.
1277 2161 2155 2211 Con la boca teñida de moras y de fresas,
1271 2212 2200 2268 la cabeza en desorden, y la falda prendida,
1271 2265 2215 2318 voy en medio del bosque apartando malezas
1280 2322 2191 2372 y absorviendo la savia que renueva la vida.
1283 2444 2155 2506 Mis pupilas hoy tienen la luz iridescente
1277 2507 2224 2557 que tienen las mañanas en plena primavera;
1280 2561 2051 2617 mi boca jibilosa sonríe alegremente.
1277 2615 2197 2677 y estoy toda flexible como una enredadera.
1283 2743 2206 2799 La tierra tiene un vago perfume de violeta.
1289 2803 2230 2859 y al sentir como emanan vigorosos efluvios,
1277 2856 2197 2906 enervado el espíritu de una dicha secreta,
1280 2904 2269 2963 me he tendido en el oro de los trigales rubios.
1916 3009 2236 3059 ALICE LARDE.
