2479 3508
779 343 1830 408 dereprero.
328 590 1286 652 En estos dias de remembranzas grandes,
274 641 1292 706 cabe mejor el sonoro verso que la estrofa
274 695 498 751 elegante.
328 749 1295 811 Para cantar EL NIMERO, la lira home¬
277 802 1292 864 rica que á Ulises ensalzara; para BELER.
274 853 1295 918 otro Virgilio resucitado; Milton para la
274 907 1301 969 epopeva de SANTIAGO, el autor de la
274 961 1289 1023 Jerusalem Libertada, el sublime Tasso, pa¬
274 1014 1289 1076 ra las gloaias inenarrables de SABANA
268 1068 1295 1127 LARGA; o esos lienzos argentados plenos
274 1122 1289 1184 de luz donde Miguel Angel chorreaba los
277 1173 1283 1238 colores del iris entre auroras eternales....
325 1229 1292 1288 Y cantar desde aquí, desde la altura de
274 1271 1283 1342 Santiago desde este Sinaí donde el relam¬
286 1337 1283 1396 pago de la Libertad fulminó sus rayos:
268 1388 1295 1449 desde donde partieron aquellos centauros
268 1438 1286 1500 de la Fama sobre los caballos apocalíticos
274 1495 1301 1557 que solo sabian abrirse paso por dentio de
274 1549 788 1605 los cerrados cuadros.
322 1597 1283 1658 Cantar desde aquí la HAZANA GRAN.
274 1653 1292 1712 DE cuando aún faltan trompas de bronce
271 1704 1292 1769 de resonar ardiente, para lanzar al éter, en
274 1755 1286 1820 vibraciones mil aquellas proclamas reden¬
268 1809 1301 1873 toras de los Héroes que hacían hervir la
274 1865 1295 1927 sangre en ritmo acelerado dentro de los
274 1916 516 1972 corazones.
322 1967 1286 2035 Con la idealidad de la Patria que se agi¬
277 2032 1298 2088 ganta en la pupila inquieta, como uno de
268 2077 1901 2142 esos panoramas encantadores que mientras Santiago, Febrero 1920.
1331 599 2340 658 más se miran más se ensanchan y agran¬
1337 650 1606 706 dan!
1385 704 2358 766 La fantasía se exalta, y el flamear de la
1340 761 2352 817 Bandera Cruzada, mi amada bandera, pone
1340 814 2346 867 sobre el foco de la visión, un haz luminoso
1340 868 2346 924 que mientras mas se extiende en la bóveda
1340 919 2337 978 azul más brilla, más titila, más alumbra y
1337 970 2322 1032 más se ensancha hacia el Cenit y Arcano.
1385 1026 2352 1079 Algo de sol!.... Algo de extasis que la
1349 1080 2346 1133 palabra no puede traducir en su lenguaje!
1388 1131 2349 1187 Algo místico que solo podría interpretar
1340 1185 2337 1241 la nota del salterio o el diapasón del ar¬
1343 1238 1570 1294 pa!..
1391 1289 2349 1345 No es dia de papiro ni de plumas este
1331 1343 2349 1402 día magno. Es día de trompa áurea, de
1334 1394 2349 1449 flauta encantada, de orquesta sinfónica, de
1331 1447 2343 1506 cincel mágico, de lienzos rafaelinos, donde
1334 1504 2337 1557 la Leyenda de las Batallas fuera presen¬
1337 1555 2340 1611 tando sus paginas entre cuadros y cua¬
1340 1608 1597 1667 dros.
1388 1662 1946 1712 All..... SANTOME
1388 1716 2263 1772 Acá..... SABANA LARGA!......
1385 1767 2343 1820 Sobre el dorso de la Sierra del Sur, la
1343 1820 2346 1876 pirámide de EL NUMERO: donde se mue¬
1331 1877 2340 1927 re el sol, tras de la cinta del Yaque: la obra¬
1334 1931 1907 1987 de Beler inimitable!...
1943 2012 2298 2062 ERCILIA PEPIN.
1307 498 2263 560 Para mi distinguido amigo don José M. Vallejo.
997 2280 1627 2333 A LA PARIA.
1191 2388 1468 2441 EN S DIA.
719 2513 1895 2563 Patria, la mano púdica que los laureles rientes
722 2588 1740 2650 en este dia, el tuvo, de rosas esplendentes,
722 2671 1698 2727 sobre tus sienes diáfanas debía reposar,
716 2749 1818 2808 se queda pensativa: no te los brinda: espera
722 2833 1809 2886 saber si bajo el palio triunfal de tu bandera
716 2913 1707 2966 habrá nueva epopeya viril que corronar!
1382 3021 1845 3074 VALENTIN GIRO.
