2479 3508
322 152 525 202 Página 2
2054 140 2319 193 Fémina
319 420 1298 473 Nuestro colega Listin Diario, de la Capital, en
277 465 1295 521 su edición del 1 del mes que finaliza, se ocupa¬
283 507 1298 566 con términos muy encomisticos de nuestra hu¬
283 558 1298 611 mide revista y de nuestra labor, igualmente
286 599 1044 655 humilde dentro del campo literario.
322 647 1292 700 La vo alentadora del decano nos entusiasma y
277 689 1298 739 nos anima a proseguir la penosa tarea que nos
283 731 1304 784 hemos impuesto sosteniendo, puede decirse, con
283 779 1301 831 nuestro propio esfuerzo desinteresadamente.
274 820 1298 873 na publicación cuyos costos a veces se exceden
277 868 1301 918 a la ayuda que nos prestan sus suscritores y
280 910 552 966 anunciantes.
322 958 1304 1011 Mas, nuestro amor propio está comprometido;
286 999 1307 1052 sostenemos un ideal patriótico mantenemes un
277 1041 1304 1094 pensamiento sustentado hoy universalmente en
277 1086 1307 1142 pro de nuestro sexo, y en favor de esas grandes
274 1131 1298 1184 ausas agotaremos todas nuestras energías, to¬
283 1176 1304 1232 dos nuestros empeños y hasta nuestros propios
286 1226 477 1276 NTOS
334 1268 1307 1324 Agradecemos al Listin sus frases, y nos
283 1310 1301 1363 complacemos en producir á continuacion suga¬
280 1355 1304 1411 lante suelto con las expresiones mas cariñosas de
280 1402 815 1455 nuestra sincera gratitud.
328 1441 1038 1500 Dice así BELLA REVISTA.
328 1489 1307 1545 FEMINA es el nombre de una Revista, consa¬
283 1531 1301 1596 grada principalente a propaganda de los cono¬
283 1579 1307 1632 cimientos literarios y cientificos de la mujer que¬
280 1623 934 1679 se edita en San P. de Macoris.
331 1665 1298 1721 Susinteligentes sostenedores, superando el es
277 1710 1298 1766 fuerzo de que dispone en el pais, pero poderosa¬
283 1755 1307 1808 mente ayudadas por el inteligente editor de tan¬
289 1803 1307 1856 bella Revista estan ofreciendo una publicacion.
286 1844 1262 1909 preciosa, interasante y de muy amena lectura,
337 1889 1304 1942 igura como Directora la señorita Petronila
286 1937 1298 1990 Anglica Gomer Maestra Normal, jóven inteli¬
292 1976 1301 2032 pente y entusiasta y como Redactoras las seño.
286 2023 1295 2076 as Maria L. Angeles de Caino y Consuelo Mon
280 2068 1310 2121 talvo de Frias, dos cultas damas que mantienen
283 2113 1298 2169 desplegada la bandera del trinfante feminismo
328 2158 1289 2214 La interesante Revista, de excelente colabora¬
286 2200 1295 2253 cion nos favorece regularmente, cada quince di
286 2247 1295 2300 as, con su edición siempre abundante de escogi¬
289 2292 1062 2348 das lecturas muy hien seleccionadas.
328 2337 1304 2390 Exhortamos a las inteligentes damas a persis¬
289 2379 1307 2435 tir con amor y consagración á la tarea intellectiva¬
289 2430 1047 2480 a que se dedican sus conocimientos.
1343 238 2355 297 y he quedado muy gratamente impresionado de
1343 277 2361 333 su excelente presentación así como de la selec¬
1346 328 2358 378 ción de la lectura que la integra, coligiendo de
1346 369 2364 422 todo ello el prospero adelanto de cultura de la
1349 411 2361 470 mujer dominicana, detalle ético que debe enor¬
1352 459 2358 515 gullecernos por cuanto que tal exponente des¬
1352 501 2361 560 mentirá de una manera clara y convincente, los
1352 549 2358 602 viles comentarios de que nuestras mujeres per
1343 596 1877 649 manecen en sombras.
1391 632 2355 691 Acepte, distinguida señorita, mis felicitacio¬
1352 686 2322 739 mes sincerísimas y créame suyo S. S, y amigo,
1904 737 2325 787 R. A. JORGE RINAS.
1391 799 2370 861 P. D.—Le envío un tomito de mis ensayos de
1349 847 2370 900 versos Diafanoramas y le prometo el envío de
1349 895 2370 948 mi nuevo libro Campanas de Cristal que cir¬
1349 940 2325 993 culará en los primeros días de Febrero.—Vale.
1352 1041 1480 1091 Señor
1355 1086 1746 1136 RA. Jorge Rivas.
1349 1131 2092 1181 Director Redactor de El Heraldo
1994 1170 2331 1223 Santiago. R. D.
1355 1232 1761 1282 Distinguido Señor:
1385 1271 2373 1327 Hemos recibido su tomo de ensayos de versos
1373 1316 2367 1372 Diafanoramas y sus hermosos sonetos, publi¬
1349 1364 1964 1417 cados en la presente edición.
1400 1402 2373 1458 También nos ha favorecido su carta del 31 de
1349 1444 2373 1503 Enero pdo, y sus frases de aliento son como
1349 1498 2257 1557 justo estímulo á nuestra labor periodistica.
1400 1543 1674 1596 Agradecidas.
1447 1674 2274 1724 2 DE FEBRERO.
1397 1791 2364 1844 Tener patria es tener casa. Para ambas cosas
1358 1832 2364 1888 se necesita valor; pero tambien es indispensable
1355 1880 1665 1933 la inteligencia.
1400 1919 2364 1978 Hasta ahora solo el valor ha hecho acto de pre¬
1364 1964 2373 2020 sencia. Heroes, á millares. Estadistas. Es¬
1355 2015 1857 2065 tadistas es lo que falta.
1397 2053 2376 2109 De los ataques a mano armada, el heroe, ven¬
1355 2095 2373 2154 cedor o vencido, siempre se defende. Triunfa¬
1364 2131 2376 2196 or o derrotado deja la dignidad decorosamente
1355 2188 2080 2247 cubierta con el manto de púrpura.
1400 2232 2370 2288 Pero de la miseria, de los errores económicos.
1352 2271 2373 2327 de las inocentadas y de las picardías, no es el
1355 2319 2373 2375 heroe quien está lamado a salvar la patria y el
1361 2370 1498 2423 hogar.
1406 2412 2373 2468 Es el estadista que no ahorra de dos uno, sino
1358 2456 2370 2512 que una producción de dos la hace elevarse a
1358 2504 1507 2557 cuatro.
1874 2546 2334 2596 JOSE RAMON LOPEZ.
280 280 1295 333 EL LISTINY FEMINA.
528 2555 1080 2611 ESTAFETA.
677 2677 1265 2730 Santiago, Enero 31 de 1923.
286 2752 489 2802 Señorita
289 2794 853 2847 Patronila Angélica Gómez.
286 2842 1179 2894 (Directora Administradora de FEMINA.
889 2892 1268 2942 Macorís del Este.
289 2970 752 3020 Distinguida señorita:
328 3012 1316 3068 Circunscribo el objetivo de la presente para
286 3056 1301 3115 enviarle mis felicitaciones por la hermosa Revis¬
289 3107 904 3160 ka de su dignísima dirección.
325 3149 1316 3205 He leido unos cuantos ejemplares de FEMINA
1394 2647 2340 2706 SOLUCION A LA CHARADA NO. 7
1570 2737 2134 2793 Habrá nada mas sagrado
1576 2782 2149 2838 tan hermoso y tan querido
1582 2830 2230 2883 que el nombre dulce de MARE
1585 2871 2209 2927 que esta charada me ha dado?
1600 2961 2089 3013 y pues sigo tus pisadas
1582 3006 2024 3062 Magnolia, te contar¬
1585 3050 2173 3106 que en la SA entrelazada
1576 3095 2137 3148 CO MADRESEINAS te halle.
2137 3137 2313 3190 VIOLETA
