2479 3508
182 169 453 222 Fémina
1988 137 2224 196 Página 10
426 352 2030 425 na se en
188 567 1185 631 Nuestra portada. Embellece la presente edición, el
149 656 1173 724 Baez, vastago mimado de honorable familia capi¬
146 704 1170 769 taleña, y de quien tuvimos el placer de publicar¬
155 746 1164 814 en edición pasada, una inspirada producción lita¬
149 805 274 858 yaria.
185 835 1170 903 Al publicar su retrato en nuestra portada, de
152 880 1173 954 positamos á sus pies un ramo de rosas, como o¬
146 928 1170 993 renda de simpatía a esta feliz cultivadora del ar
152 982 704 1037 te de Rafael y de Murillo.
185 1071 1182 1133 Nueva colaboradora.—La inteligente escritora santia¬
155 1119 1173 1184 guense Maestra Normal Srita. Ercilia Pepin, co¬
149 1164 1170 1229 rrespondiendo atentamente á nuestros deseos.
152 1208 1170 1273 mos en la para su publicación la patriótica pro¬
149 1250 1176 1318 ducción que tenemos el gusto de ofrecer á nues¬
152 1310 435 1360 tros lectores.
191 1346 1182 1405 Damos las gracias por su amabilidad a esta
149 1391 1030 1452 culta hija de la herica sultana del Yaque
191 1489 1185 1548 Reproducción — En sitio galante, aprisionando
158 1531 1176 1599 un ritmo femenino, para que no se escabe hecho.
161 1579 1179 1638 suspiro con la distinción que nos merece su al¬
158 1620 1182 1685 for el correcto prosista D. Felik M. Pérez, direo,
155 1665 1173 1730 tor de la prestigiosa revista La Cuna de Ameri¬
158 1710 1179 1778 ca, aparece reproducido en esta edición el pre¬
155 1755 1179 1820 cioso artículo intitulado Patria que es una pá¬
158 1806 1167 1870 gina inspirada en el mal sentido patriotismo,
152 1853 1179 1909 uya lectura recomendamos á nuestros lectores.
200 1949 1185 2011 Renjamin Portela Alvarez. Prestigiamos las
158 1997 1188 2059 páginas del presente número de Fémina, con la¬
155 2038 1179 2100 Potografia del ilustrado literato español Don
161 2083 1179 2145 Benjamin Portela Alvarez, asíduo colaborador de
161 2137 492 2190 muestra revista.
203 2173 1176 2235 Es el Sr. Portela Alvarez, alma, sangre y cere¬
155 2224 1182 2276 bro de la Casa de España en Santo Domingo.
158 2265 1167 2318 Colaborador de dististos periódicos en el extran
773 2313 1185 2366 Unico autor, según
161 2316 734 2372 gero y en esta República.
161 2403 1188 2456 institución, que adquirió por la suma de
161 2444 1179 2503 1900 pesos oro, el priner edificio para su ins¬
155 2492 1191 2551 talación, cedido por la misma suma a la¬
194 2537 1173 2596 Casa de España y que por ser en aquel enton
158 2582 1191 2638 ces intereses creados, ha consolidado el ideal de
161 2636 620 2686 España en América.
197 2725 1191 2784 Agraciada—En el sorteo de la Charada No. 7
164 2862 1191 2918 quien tuvimos el gusto de enviarle por correo el
164 2910 1044 2966 correspondiente premio. La felicitamos
203 3006 1191 3065 En recuerdo al poeta.—El dia 3 del mes entrante cu¬
167 3050 1188 3115 ple dos años de haber descendido á las oscuras.
164 3092 1182 3157 regiones de la tumba el nunca bien sentido ba¬
164 3143 731 3199 do Federico R. Bermudez.
140 605 1865 676 fotograbado de la distinguida señorita Genoveva, radísimo principe de Oriente.
155 2355 1194 2417 ren en la primera Memoria de tan benemémrita¬
164 2773 1194 2829 de nuestra edición anterior, resultóagraciada la¬
170 2818 1197 2874 señorita Carmela Pominguez, de la Capital, a
206 3191 1194 3244 Como homenaje a sumemoria publicamos en
1238 1713 1331 1766 cias.
1271 1782 2263 1844 Enferma. — Moles tos quebrantos de salud
1230 1826 2260 1891 que sufre nuestra querida Directora, la han o¬
1241 1874 2260 1936 bligado a guardar cama desde hace algunos dias.
1271 1919 2269 1981 Hacemos votos porque se restableca pronto
1236 1973 1609 2035 y completamente.
1274 2047 2269 2106 Fiestas Patrias.—Con inmensa satisfacción hemos
1230 2092 2257 2151 visto celebrarse este año el aniversario de nues¬
1230 2143 2260 2199 tra independencia, con un entusiasmo y esplen¬
1227 2185 2095 2241 dor que no se notaba hacía algunos años.
1271 2226 2266 2288 Parece como que el alma de la Patria reverdece
1238 2274 2260 2339 y surge á una vida feliz. Concurridísimo Te¬
1238 2325 2271 2378 Deum, bailes en los distintos centros sociales:
1236 2367 1845 2423 nutridos quegos de Carnaval.
1280 2412 2269 2468 Esparcidos por los ámbitos del aire, se escu¬
1241 2456 2263 2512 chaban mas sonoros y mas bellos los acordes del
1236 2501 2266 2560 himno del inmortal José Reyes, Parecía un
1238 2552 1525 2602 himno nuevo,
1292 2594 2274 2647 Mas vividos parecían los colores de nuestra
1247 2638 2280 2694 bandera que fotaba alegre como diciendo, vida
1238 2683 1633 2742 nueva, vida nueva¬
1280 2728 2274 2784 El infatigable luchador, el maestro Gabriel
1241 2773 2269 2835 preparó sus discipulos, para rendir ese día ho¬
1236 2821 2263 2874 menale patriótico á los padres de la Patria, y
1238 2862 2269 2918 después de sabias explicaciones que desperta¬
1236 2913 2269 2963 bad en los pequeños educandos el amor patrio.
1236 2952 2266 3008 era de ver, como aquellos bien disciplinados
1247 2997 2271 3062 pimpollos lanzaban al aire, de sus débiles pul¬
1238 3045 2021 3103 mones las notas del Himo Nacional.
1292 3092 2286 3145 Quiera el cielo, que en los años venideros haya
1236 3134 2271 3190 razones para celebrarlo con mucho mayor entu¬
1244 3188 1403 3241 siasmo.
1218 552 2257 614 esta edición algunas producciones de este inspi¬
1265 695 2263 760 Atenta invitación. — Agradecemos al ciudadano
1224 746 2257 805 Gobernador de la Provincia su atenta intación
1236 784 2254 855 para el Te De que con motivo del 190 aniversa¬
1230 832 2260 894 rio de nuestra Independencia se celebró aver en
1230 889 1830 942 muestra glesia Parroquial.
1271 949 2257 1014 Quebrantaditos.— Se encuentran quebrantados de
1227 996 2251 1058 salud los simpáticos niñitos Tela y Dimitas.
1227 1041 2260 1106 hijos del Sr. Dimas Frías y la Sta. Consuelo de
1230 1095 1916 1148 Frías, redactora de esta revista.
1280 1131 2251 1196 Que recobren la salud cuanto antes, son nues¬
1227 1188 1498 1241 tros deseos.
1746 1259 2263 1315 Despedimos al poeta
1274 1265 1719 1321 Poeta Enrique Cambier. —
1233 1304 2260 1366 Cambier estimado amigo nuestro quien pasa á
1227 1346 2260 1408 residirá La Romana á hacerse cargo de la redad¬
1230 1394 2254 1455 ción del periódico La Lucha de aquella locali¬
1233 1453 1322 1503 dad.
1271 1516 2260 1581 Un bello libro. — Hemos recibido el gallardo li¬
1230 1567 2269 1629 bro Canto a la Raza del vibrante poeta Colón
1233 1608 2263 1673 Echavarria que con atenta dedicatoria ha tenido
1233 1659 2254 1718 la amabilidad de dirijirnos. Dámosle las gra¬
