2479 3508
1403 14 2242 70 FERARRARICA
525 23 1080 76 TER
167 29 307 85 ramos
961 146 1035 202 a
812 149 892 202 los
925 181 1630 243 EN
1636 259 1773 312 F
1818 259 2057 312 rosas
438 349 1997 405 REVISTA GALANTE Y DE INTERESES GENERALES.
850 456 1597 506 DIRECTORA ADMINISTRADORA:
737 519 1701 575 PETRONILA ANGELICA GOMEZ
1044 578 1406 628 Maestra Normal.
1059 686 1391 739 REDACTORES:
928 755 1528 805 V. VALERA REYES,
307 793 2149 858 PETRONILA A. GOMEZ, CONSUELO MONTALVO DE FRIAS.
2027 928 2239 981 No. 3
826 931 1627 987 San Pedro de Macorís. Agosto 15 de 1922
211 946 412 1002 año 1
791 1176 1692 1232 A L.
206 1426 364 1485 FIN
394 1444 1212 1503 l damos credito á las palabras de
423 1498 1203 1554 los ilustres compatriotas que úl¬
426 1546 1197 1608 timamente acudieron a Washing
237 1593 319 1664 C.
417 1608 1200 1661 ton para solucionar nuestro caso.
429 1662 1218 1718 va la Intervención está tocando
429 1716 1212 1769 a su fin, va el pueblo dominica-
176 1770 1206 1829 no, el pueblo mártir y noble, que oponien-
185 1823 1215 1882 do su derecho a la fuerza y la injusticia
182 1874 1209 1936 ha soportado con pasmosa entereza el in-
188 1934 1218 1990 menso dolor de una terrible servidumbre,
191 1985 1215 2044 se halla proximo a gozar del incomparable
191 2038 1212 2100 bien de su libertad en mal hora arrebata¬
188 2104 265 2157 da.
238 2143 1209 2205 Lo que en la negra desgracia ha sido es¬
194 2206 1221 2268 peranza consoladora para nuestro pueblo,
194 2256 1221 2315 será bien pronto, a juicio de los insignes
188 2310 1215 2372 representativos, un hecho, una realidad
197 2376 412 2426 hermosa.
241 2418 1212 2480 ¡Oialá que así sea! ¡Ojalá que, desoyen¬
185 2471 1218 2530 do la Casa blanca los aviesos consejos del
194 2522 1215 2587 imperialismo, que tanto recelo y descon-
197 2585 1218 2641 fianza ha despertado contra los EE. UU.
197 2636 1218 2700 proceda esta vez con el tino y la equidad
185 2698 459 2751 apetecidos.
253 2737 1224 2799 Como todos los dominicanos se encuen¬
197 2794 1230 2853 tran vivamente deseosos de que cese cuan-
185 2847 1218 2909 to antes la Intervención, semejantes nue¬
200 2901 1227 2957 vas han hecho estallar el mas loco regocijo
1310 1423 2286 1491 Pero.... por qué no confesarlo? A pe¬
1253 1483 2286 1545 sar de que la promesa de una pronta deso¬
1253 1537 2286 1596 cupación sin menoscabo del decoro nacio¬
1259 1591 2286 1653 nal, ha sido hecha por hombres que mere-
1262 1644 2283 1706 cen confianza, nosotros no escondemos
1259 1704 2289 1760 nuestro recelo. Y es natural y lógico,
1259 1758 2280 1823 puesto que siempre se nos ha mentido y
1265 1817 1507 1867 engañado.
1319 1868 2286 1930 Cada plan ofrecido por el detentador de
1259 1922 2286 1987 nuestra soberanía, no ha sido hasta el pre¬
1262 1976 2286 2041 sente sino una emboscada para la Repú¬
1259 2044 1406 2094 blica.
1322 2089 2292 2157 Por suerte que el instinto de conserva¬
1268 2146 2289 2211 ción ha dado á nuestro pueblo la voz de
1265 2200 2292 2265 alerta, y nuestro patriotismo ha impedido
1265 2256 2286 2318 realizar los torvos designios de la fuer¬
1265 2322 1394 2378 za.
1319 2370 2292 2435 La República, después de una larga no¬
1265 2430 2298 2488 che de dura y bochornosa servidumbre
1271 2486 1886 2551 surgirá libre y soberana?
1325 2543 2298 2611 El sol de la libertad estará a punto de
1268 2600 2298 2662 levantarse y deshacer las espesas tinieblas
1268 2659 1928 2712 de nuestra noche pavorosa?
1334 2722 1662 2775 Será verdad?
1322 2773 2042 2838 Habrá triunfado el derecho?
1319 2827 1898 2894 Amanecerá la justicia?
1328 2892 2301 2951 Esperemos puesta la confianza en Dios y
1262 2946 2200 3005 llenos de la Patria nuestros corazones
