2479 3508
265 74 531 130 Fémina
2080 71 2274 124 Página 2
1018 895 1561 963 LA VIDA.
829 1053 1594 1106 Incesante luchar; tenaz empeño
770 1107 1725 1163 de ascender y ascender hasta las nubes,
785 1158 1597 1211 penetrar las regiones del ensueño,
773 1211 1639 1267 conocer la mansión de los querubes.
826 1316 1626 1371 Reir, cuando la dicha nos proteje
773 1376 1662 1429 llorar, cuando el pesar nos aprisiona;
770 1426 1621 1482 amar, cuando el amor nos entreteje
770 1483 1558 1536 de flores de esperanza la corrona.
826 1588 1731 1641 Creer hallar la verdad donde subsiste
773 1641 1570 1697 el negro engaño y la cruel falsía;
770 1697 1530 1748 buscar la razón donde no existe¬
770 1749 1585 1805 confundir las tinieblas con el día.
824 1853 1665 1909 Palpar la realidad cuando los años
770 1904 1645 1966 van mermando la misera existencia;
770 1961 1540 2014 instantes de fatales desengaños
770 2020 1710 2073 que vemos con la luz de la experiencia.
821 2125 1779 2178 Ese es nuestro existir, y es tal la suerte
776 2182 1615 2232 trágica y cruel de la pecable alma,
770 2229 1743 2285 que no disfrutará ini aun con la muerte
773 2289 1561 2342 de los sepulcros la silente calma.
1495 2376 1743 2432 STELLA.
