2479 3508
185 41 388 94 Página 3
1931 44 2203 94 Fémina
252 420 1173 505 SE asistido últimamente á una intere-
252 455 1170 527 sante discusión sobre la cuestión so¬
155 528 1182 584 cial femenina, porque hay una cuestión
152 578 1176 637 social universal. Muchos de los que toma¬
152 638 1176 688 ron parte en la discusión preconizaron la
149 692 1173 745 necesidad de adoptar el punto de vista que,
149 743 1173 799 a grandes líneas trazó nada menos que Sa-
146 796 1176 852 lomón lo que prueba que la cuestión feme¬
155 853 674 906 nina no data de ayer.
211 907 1179 960 El sabio biblico, había previsto pues, lo
152 964 1176 1014 que pasaría ventinueve siglos mas tarde.
149 1011 1179 1067 ¡Cómo quería Salomón que fuese la mu¬
155 1065 244 1124 jer
203 1119 1185 1175 Pues como se habla de ella en las Santas
161 1173 1179 1229 Escrituras: fuerte, estable en sus volunta¬
155 1232 994 1282 des, perseverante en sus designios.
211 1280 1185 1333 En nuestros lías, esta mujer tipo de
149 1337 1185 1390 la educación familiar es rarísima. ¡Donde
149 1394 1179 1444 encontrar esa mujer ideal, perla sin precio,
155 1444 615 1497 tesoro inestimable.
211 1495 1188 1548 Muchas mujeres de hoy quieren merecer
149 1552 1170 1605 el título de mujer fuerte pero á muy
167 1605 1176 1658 pocas puede adiudicarsele. Esta mujer
191 1656 1185 1715 patriarcal no puede surgir en nuestro
149 1713 307 1766 medio.
203 1767 1179 1817 La época moderna pronto borra los ca¬
149 1820 1176 1873 racteres, pronto embota en la lucha las
158 1871 722 1924 mas fuertes voluntades.
206 1925 1179 1981 Hay algunas mujeres que dan la sensa-
149 1982 1182 2035 ción de la fortaleza moral; pero en la ma¬
158 2029 1179 2088 vor parte de los casos conviene desconfiar.
152 2086 1179 2142 Bajo una apariencia severa suele encon¬
158 2140 1179 2196 trarse una frivolidad mas o menos acen¬
155 2197 316 2250 tuada.
208 2244 1185 2300 Hay mujeres que usan, en lo que respec-
149 2301 1176 2357 ta á sus cualidades morales, de una espe¬
152 2355 1173 2411 cie de trucco, como hacen los japoneses pa-
161 2412 659 2465 ra obtener las perlas.
206 2468 1179 2518 Sabido es que los japoneses introducen
155 2516 1182 2572 en la ostra un pequeño cuerpo extraño
158 2576 1176 2632 para provocar el nacimiento de una perla,
158 2630 1179 2680 que está lejos de tener la belleza de la
1227 426 2179 479 perla que se produce expontáneamente.
1274 480 2248 530 Pues lo mismo sucede con las virtudes:
1236 528 2248 584 para que sean completas es necesario que
1218 587 1877 637 se produzcan naturalmente.
1268 638 2245 691 Lo demás son afectaciones que á nada
1218 689 1462 742 conducen.
1265 740 2248 799 La mujer fuerte es de espíritu viril, pon¬
1224 793 2242 849 derada en sus obras, deseosa siempre de
1227 847 2242 903 sacrificarse por los que la rodean. Su ab¬
1218 904 2194 957 negación alcanza límites extraordinarios.
1274 955 2248 1011 Su sensibilidad es superior a la de esas
1224 1008 2245 1064 mujeres que sólo son sensibleras, pero que
1227 1065 2239 1121 desconocen la grandeza de los máximos sa¬
1224 1119 1424 1175 crificios.
1277 1170 2242 1226 La mujer fuerte sabe que es débil por
1227 1223 2242 1279 condición de su sexo; pero mil voces le lla¬
1227 1280 2239 1333 man al cumplimiento de deberes que cum¬
1224 1340 1594 1393 ple sin vacilar.
1271 1385 2245 1441 No quiere esto decir que la mujer fuerte
1218 1435 2248 1491 sea una especie de marimacho, sin encan¬
1230 1492 2239 1545 tos, sin atractivos. Nada de esos precisa¬
1224 1540 2245 1605 mente su vida austera la nimba de una es¬
1236 1600 2245 1661 pecie de aureola que la hace semejante a
1230 1653 2245 1709 esas bellas matronas que los clásicos nos
1230 1713 1471 1766 describen.
1286 1758 2248 1814 Esa disciplina de espíritu, esa unificación
1224 1817 2245 1870 de carácter, esa integridad moral se refleja
1227 1877 2242 1927 en el rostro, que de una belleza serena y
1233 1925 2155 1987 profunda en esas mujeres de selección.
1277 1976 2239 2032 La mujer fuerte es una mujer dulce, pa¬
1227 2023 2239 2082 ciente que no se contenta con placeres fic-
1227 2083 2051 2136 ticios, ni con vanidades mundanas.
1280 2131 2248 2190 La vida de familia, tiene para ella mas
1227 2188 2245 2247 encantos que los estupidos chismorreos con
1224 2241 2242 2300 despreciables muñecas que se estropean el
1227 2304 2242 2357 espíritu y el cuerpo en fiestas lujosas y
1224 2352 1543 2417 provocativas.
1277 2403 2248 2459 La mujer fuerte significa una familia de
1224 2459 2242 2515 costumbres austeras y unos hijos que un
1227 2510 2236 2572 día también serán fuertes para luchar
1227 2570 2194 2620 contra la vida, que es traicionera.—S. C.
1379 2627 2200 2680 (De La Crónica Meridional, de España.)
898 134 1247 213 Nos
883 166 1236 258 NUERN
1316 166 1689 219 S
686 195 951 258 AS E
1313 208 1707 270 A POR
