2479 3508
238 56 495 109 Fémina
2065 38 2274 91 Página 4
1456 1770 2155 1820 una vez dirá tu nombre...
1394 1925 2224 1981 Yo quisiera encontrar las nuevas letras
1576 1973 2051 2023 de una nueva palabra.
1349 2015 2101 2068 sin sentido tal vez a quien la orera.
1346 2062 2182 2118 si quien la opara no dres tí, mi aniada;
1352 2104 2200 2163 mas, tan dulce a tu oido, que en tu oido
1579 2152 2188 2202 fuera una oración cristiana
1397 2224 2230 2274 Y hacer de esa palabra un solo nombre,
1349 2271 2146 2324 único nombre de expresión tan rara,
1349 2316 2051 2369 que solo tú pudieras entenderia.
1349 2361 1997 2423 y sólo á lograras escucharia!
1406 2427 2197 2482 Y cuando con amigas por el bosque
1582 2477 2006 2530 una fresca mañana.
1349 2522 2101 2575 o en clara noche de jardín overas
1361 2570 2197 2620 enue voz que ese nombre pronunciara.
1358 2615 2185 2668 que pronta y cándida emoción la tuya
1361 2656 2012 2709 las jóvenes amigas, asustadas
1358 2704 2191 2763 al verte así, preguntarán ¿Qué tienes
1585 2749 2233 2802 Por que te has puesto palida?
1409 2794 2083 2844 Y tú, tranquila ya contestarías
1358 2839 2104 2897 con suma sencillez. No tengo nada!
1865 2913 2191 2966 FABIO FIALLO.
1403 2991 1788 3044 Marzo 3l de 1918.
