2479 3508
143 41 340 97 Página 3
1892 32 2167 88 Fémina
680 249 1665 306 NORMA SUPREMA.
459 504 1976 566 Huíd, jóvenes amigos del inútil devaneo y de la estéril holgan¬
352 564 1973 620 za. Enderezad el impetu de vuestras energías hacia las empresas
361 617 1976 676 generosas y fecundas: y que la pátina del ocio no manche el acero
352 671 1970 727 de vuestra voluntad. Dando á las horas que se van sin retorno el
364 728 1970 781 mejor empleo, habreis cumplido integramente con vuestro deber,
358 781 1973 834 que no consiste tanto en conservaros puros de todo vicio como en
358 832 1973 888 utilizar el tiempo en obras bellas y perdurables. La virtud egoísta
355 886 1976 939 es una cualidad negátiva cuya existencia no encenderá en las almas
358 937 1973 996 ningún ilusorio relámpago de júbilo. La verdadera virtud debe
364 993 1982 1049 trascender a los demás dilatarse en el mayor número de espíritus:
358 1047 1982 1103 refundirse en las vidas ajenas; ser, en fin, una formidable fuerza
361 1101 1979 1157 creadora, siempre en acción en pro de los derechos humanos. Quien
370 1155 1976 1217 posea tal don divino debe prodigarlo ampliamente; su goce, en ab¬
358 1208 1857 1261 soluto provecho propio, constituye una imperdonable avaricia.
471 1289 1976 1348 Empleando las horas en los trabajos de vuestra vocación, o en
364 1340 1982 1399 cualesquiera otros á que os llame un inesperado destino, poned en
358 1394 1979 1452 ellos todo vuestro vigor mental y psiquico, a fin de que resulte
367 1450 1979 1509 perfectos, hasta donde este vocablo pueda adaptarse noblemente a
364 1504 1979 1563 los esfuerzos de los hombres. Cuidad, con el examen interior de
364 1555 1982 1614 cada momento de la integridad de vuestra conducta; y que os sirva
364 1608 1982 1670 de constante estímulo el deseo oculto pero latente de servir de
370 1674 1089 1724 modelo á vuestros camaradas.
474 1746 1988 1808 En el circulo de ideas y de acciones a que os lleven vuestra
364 1794 1979 1862 idiosineracia y vuestra aptitud, tomad por norma a los ilustres ti-
379 1847 1982 1912 pos de humanidad que resplandecen imperecederamente en la his¬
364 1901 1979 1966 toria de todos los países. Y procurad mejorar, día por día, vues¬
370 1958 1979 2023 tras ideas y sentimientos, analizándolos con sereno criterio, corri¬
367 2015 1979 2082 giendo hoy un detalle equivoco, mañana un instinto, ilógicamente
367 2065 1973 2127 encanzado. Cultivando de este modo su personalidad, con el au¬
367 2122 1979 2181 mento del caudal ideológico y la progresiva ampliación del espíritu
364 2176 1985 2235 es como los altos varones han tallado dentro de sí mismos la obra
376 2226 1982 2291 preclara de su propia grandeza; imponiéndola, por su intrinseca
370 2292 1340 2345 hermosura, a la admiración de los siglos
1382 2418 1868 2474 FROYLAN TURCIOS.
409 2558 973 2617 (Del "Ateneo de Honduras")
