2479 3508
223 38 426 91 Página7
1979 47 2257 97 Fémina
818 184 904 243 ER
1206 214 1665 285 FRIASE
832 229 1206 291 PE S
528 358 1943 411 EN LAS QUE SONRIE M HOMBRECITO.
1128 486 1361 542 esfico en los
582 904 829 954 EL VUELO.
238 1008 1221 1064 No pudo dar sus primeros pasos sino con
188 1065 844 1115 una naranja en cada mano.
244 1116 1212 1172 Un arbusto resiste mas al viento cuando
188 1170 743 1223 está cargado de frutos.
668 1277 758 1330 II.
555 1388 850 1441 SU CANCIÓN.
247 1492 1215 1548 Canta para adormecerse. Inclinada so¬
191 1549 895 1605 bre él, su madre le reprende,
238 1605 1227 1658 Pero él quiere, por de pronto, arrullar.
188 1659 465 1712 su canción.
1310 793 2292 849 ¡Ahora da saltitos de alegría! Se parece
1262 847 2295 900 tanto, á su madre que cree haberla encon-
1259 904 1713 957 trado en el espejo.
1743 1008 1824 1061 VI
1600 1119 1952 1172 LAS ESTAMPAS.
1319 1223 2295 1276 Ya sabe imitar el ladrido del perro, el
1259 1274 2292 1330 mugido de la vaca y los rebuznos desorde¬
1262 1334 2292 1384 nados del asno. También sabe reconocer
1259 1388 2295 1441 a estos animales en las estampas que le
1265 1441 2149 1494 enseño, designándolos por sus gritos.
1319 1516 2295 1572 Es tan lindo, que los hombres y las bes¬
1268 1573 2292 1626 tias de las estampas permanecen inmo¬
1277 1629 1406 1682 viles.
447 1874 970 1927 Los DOS PRISTONEROS.
247 1985 1230 2035 Acabó por descubrir que su rana de jade
185 2032 803 2088 estaba junto á la puerta.
247 2086 1224 2139 Se fué a meterla en la jaula donde gor¬
185 2146 591 2202 jeaba su pajaro.
659 2247 755 2303 I
241 2462 1221 2524 Como las fieras de la montaña Kao chan,
194 2516 1215 2575 sólo del fuego tiene miedo. El menor ti¬
188 2573 519 2629 zón lo asusta.
250 2627 1215 2683 Debo decir que se esfuerza en espantar
185 2683 991 2739 al tizón, lanzando roncos rugidos.
1459 1865 2089 1918 LA INÚTIL PEREGRINACIÓN.
1316 1982 2301 2032 Los viajeros exaltan la belleza de una
1262 2029 2289 2085 tarde de nieve en Hua chan, la música de
1262 2077 2295 2139 la campana del crepúsculo en el monaste-
1268 2140 2292 2193 rio de Utchien, el color del cielo de su-
1268 2197 2301 2250 kiang, el encanto de una noche de lluvia
1262 2250 1552 2303 en Waosta.
1319 2328 2301 2378 Yo no iré a Hua chan, pues el cuerpo de
1268 2379 2289 2438 mi niño es bermejo como la nieve en el
1265 2432 2292 2488 crepúsculo; ni a Uetchien, porque su voz es
1274 2489 2292 2545 mas conmovedora que la campana de un
1277 2543 2301 2596 monasterio; ni a sukiang, pues todo un
1265 2594 2289 2650 cielo, lavado por la brisa, está en su mira-
1271 2644 2295 2703 da.... Pero tal vez iré a Waorta, a fin
1265 2701 2292 2754 de evocar cierta noche de lluvia en la que
1271 2758 2298 2811 una mujer concibió un niño, que tengo por
1262 2815 2134 2868 la duodécima maravilla del imperio.
244 3012 1224 3062 Busca á su madre que acaba de salir.
185 3062 1224 3115 Levanta las esteras. La busca hasta en el
197 3116 367 3175 espejo,
1973 2943 2242 2996 Chang Muien.
1307 3089 2012 3139 Tomado del Ateneo de Honduras.
573 2904 847 2954 EL ESPETO.
1528 641 2209 691 Traducción de F. Orozco Muño.
1737 1743 1839 1796 VII.
