2479 3508
208 26 417 79 Página 9
1952 29 2221 82 Fémina
226 304 1197 354 Estamos en los días en que la glesia
176 352 1197 408 Cristiana realiza en Santo Domingo, con
170 408 1197 458 incomparable esplendor el grandioso acto
176 465 1203 518 de la coronación de Nuestra Señora de la
173 516 447 569 Altagracia.
226 570 1206 623 Para la realización de este trascendental
173 620 1191 676 acontecimiento religioso ha venido como
179 674 1200 730 Delegado Especial de Su Santidad: Pío NI.
173 731 1188 781 acompañado de altas Dignidades de la la
176 781 1191 840 glesia Romana, el Excelentísimo y Reve¬
173 832 1194 888 rendísimo Dr. Sebastian Leite de Vascon¬
176 889 1197 942 cellos, Conde Romano. Asistente al Solio
173 946 1194 996 Pontificio y Dignísimo Arzobispo de Da-
173 996 1194 1049 mieta, quien en emocionante predica ex¬
179 1050 1194 1106 presó que es la Primera Concesión de esta
173 1101 1206 1160 indole que hace el Sumo Pontífice en Amé-
176 1158 295 1211 rica.
226 1214 1194 1267 La fé, esa esencia divina que se encierra
176 1268 1206 1318 en el ánfora del alma, y que se desborda
176 1322 1200 1378 en los momentos mas aflictivos de la vida,
179 1373 1190 1429 se desborda en estos días para rendirle cul¬
176 1429 1203 1482 to especial a la privilegiada Madre del
173 1477 1200 1533 Redentor, a ese perfecto modelo de madre
173 1537 1200 1587 humilde y abnegada, cuyos milagros le
176 1588 1200 1644 han errigido un monumento que no ha po¬
1230 295 2257 351 dido echar por tierra el espíritu destructor
1241 355 1642 405 de las creencias.
1289 405 2257 458 La venerada Madre de Altagracia, ma¬
1244 456 2257 515 dre del Pueblo Dominicano, derrama desde
1244 510 2254 566 las excelsitudes de su gloria, el divino bal¬
1241 570 2263 620 samo de la caridad, y derrama también el
1250 620 2260 676 perdón a las que ante ella se inclinan
1236 668 2254 727 arrepentidos, a los extraviados de pensa¬
1241 728 2260 781 miento que se entretienen en infiltrar en
1250 776 2254 837 la conciencia de los creyentes la aniquila¬
1241 838 2018 888 dora influencia del excepticismo.
1289 886 2269 942 Miles de personas han acudido de todo
1236 940 2257 993 el territorio á visitar la venerada imagen
1241 993 2251 1049 de Higuey demostrándole así el especial
1238 1041 2251 1106 amor, la expontánea devoción y la inmen¬
1238 1098 2257 1157 sa gratitud que por ella sienten sus ama¬
1236 1161 1477 1211 dos hijos.
1289 1208 2263 1264 Aprovechemos estos momentos en que se
1244 1262 2254 1318 acrecienta y se arraiga la fé y la venera¬
1241 1313 2254 1369 ción en los corazones de todos los domini¬
1244 1370 2266 1426 canos, para pedirle fervorosamente a la
1238 1414 2251 1479 Santísima Madre de Dios, bendiga, salve y
1236 1474 2257 1533 conceda á su República la gracia de verse
1244 1534 1848 1593 pronto, libre y soberanal
1761 1588 2212 1641 Petronila Angelica Gómez.
229 2200 1206 2250 Como habían anunciado varios voceros
173 2250 1203 2300 de esta ciudad, llegó en días pasados este
176 2301 1197 2357 alto personaje político quien dió a conocer
167 2355 1197 2411 ante numeroso público en el teatro Colón
176 2415 1068 2465 una parte del plan Hugues Pernado.
170 2519 450 2572 DE CORONACION.
220 2606 1194 2659 Reina gran entusiasmo en esta ciudad
176 2659 1194 2712 con motivo de la magna festividad que
179 2707 1197 2769 tendra efecto en la Capital al celebrarse
173 2767 1197 2820 la corronación canónica de Nuestra Señora
176 2821 1203 2877 de Altagracia, y con tal objeto, no
176 2868 1206 2924 ha quedado sitio de la isla de donde no
176 2922 1203 2984 hayan acudido infinidad de fieles, deseosos
170 2982 1197 3032 de participar de tan fausto acontecimiento,
170 3030 1206 3089 único en los anales de nuestra historia ca¬
167 2110 558 2160 LLEGADA DE PETRADO.
173 3092 334 3145 tólica.
1236 2101 1555 2157 ILUSTRE HUESPED.
1295 2194 2263 2244 El día del actual llegó a esta ciudad el
1241 2244 2263 2297 linstrísimo y Reverendísimo Sebastián
1247 2295 2257 2351 Leite de Vasconcellos, Arzobispo de Da¬
1247 2352 2260 2405 mietta, conde Romano, dellegado especial
1238 2400 2260 2462 de S S. Pio XI: con la alta misión de co¬
1247 2456 2260 2512 ronar a Nuestra Señora de Altagracia,
1241 2510 2263 2563 También llegaron con él otras personas
1244 2570 2260 2620 del clero de varios puntos del estrangero,
1241 2618 2263 2674 todos con dirección á la Capital a presen¬
1247 2677 1952 2727 ciar el gran festival religioso
1238 2779 1489 2832 RECIBIMIENTO.
1292 2862 2251 2921 A dar sus parabienes al alto personage
1241 2919 2251 2975 católico dirigióse al muelle un número con¬
1236 2973 2251 3029 siderable de personas, quienes le acompa¬
1244 3024 2266 3083 ñaron hasta la morada parroquial; luego
1238 3080 2254 3136 fué saludado con un alegre repique de
832 101 1032 169 alma
1289 107 1415 166 arro¬
1209 146 1695 208 CRIS LLANO.
746 152 1179 208 FES AL
451 1916 2074 1968 N CUEV.
