2479 3508
247 26 510 79 Fémina
2086 17 2283 73 Pgina 10
200 435 692 488 DIRECTORA QUE SE AUSENTA.
206 131 462 184 campanas.
203 292 1227 345 retiróse Monseñor de Vasconcellos, deján¬
200 346 773 402 donos muy conmovidos,
203 728 1218 784 do gestiones por el adelanto de "Fémina".
206 889 340 945 vista,
262 181 1241 234 Después de haber oficiado y dado la ben¬
197 238 1238 288 dición Papal en nuestro templo Católico
256 513 1238 566 A presenciar la coronación de la Virgen
200 564 1233 617 de Altagracia partió hacia la ciudad Pri¬
206 620 1233 679 mada nuestra digna y querida Directora,
208 677 1233 727 quien permanecerá allí varios días hacien¬
256 784 1233 840 Que recoja muy gratas impresiones y
203 835 1233 891 corone con el éxito sus esfuerzos pro Re¬
197 982 480 1037 INTERINAMENTE.
253 1059 1238 1112 Mientras dure la ausencia de nuestra
197 1113 1236 1166 Directora quedará hecha cargo de la Direc-
203 1167 1236 1223 ción y Redacción de esta revista la redac-
203 1220 1247 1276 tora, Señora Consuelo M. de Frías, con
208 1274 1236 1330 quien deberán entenderse nuestros colabo¬
203 1328 934 1387 radores y demás relacionados.
197 1420 343 1473 CANGES.
253 1495 1238 1554 Hemos recibido los de una de Améri¬
356 1547 1210 1604 Quisqueva", de la Capital y "L
200 1549 283 1605 N
203 1605 606 1658 Hora" de Azua.
1283 122 1546 175 DE BASE BALL.
1340 193 2328 252 En el reñido combate celebrado el día 5
1289 253 2325 309 entre los teams "Escogido de la Capital,
1295 307 2319 366 y Macorís, de esta ciudad, resultaron
1289 358 2325 411 vencedores los valientes jugadores del
1313 408 2340 467 Macorís, a quienes felicitamos calurosa-
1286 465 2316 521 mente y auguramos muchos triunfos en
1283 528 1785 578 las proximas luchas.
1286 605 1489 655 DESPEDIDA.
1340 674 2310 733 La muy agraciada señorita Reraida Ay.
1283 731 2328 784 dar, se ausentó para un Conservatorio de
1283 781 2322 837 Milán, a perfeccionarse en el arte de Be-
1283 838 2328 891 hoven. Triunfos y laureles para su alba
1277 895 2325 948 frente, y exito para los lirios de sus manos,
1286 952 1785 1005 en el sonoro teclado.
1283 1029 1519 1079 FELICITAMOS.
1337 1101 2328 1157 A la señorita Guillermina Durán, flor
1295 1158 2319 1211 que perfuma los vergeles del zama, por
1283 1208 2328 1264 su triunfo obtenido al recibir el título de
1286 1268 1698 1321 Maestra Normal.
1286 1334 1543 1384 RESTABLECIDA.
1340 1382 2319 1444 Hemos tenido el gusto de ver restableci¬
1277 1438 2322 1494 da va de los quebrantos que la retenían
1283 1495 2319 1551 ausente del hogar, la simpática amiga
1283 1546 2316 1605 nuestra señora Toñita Ceara. Que se a¬
1286 1605 2063 1658 centue cada vez mas la mejoría,
471 1922 2074 1981 La po a los
358 2226 2251 2282 Vabores de pasareros y carga en servicio regular entre
268 2343 2083 2396 los puertos de la República y el de New Yore. E.
358 2462 2242 2515 Y abores de carga para fetamentos ocasionales a tipos
280 2573 2245 2629 convencionales. Para intores de toda clase dirijase a la
671 2743 1857 2796 Oficina entral, 23 Broadway, NE YORA.
435 2847 2074 2903 a la Agencia General, 15—Colón taltos. STO. DOMINGO.
1686 2991 1955 3044 New York.
594 2991 1528 3071 Direcciones Telegraficas: DOL.
1277 3045 2039 3098 ¡CLISANTO. Sto. Domingo.
