2479 3508
336 186 601 264 Fémina
2184 160 2392 256 Página 2
1016 304 1964 394 LA SANTA MARIA
295 636 916 729 ABORDO! que el alba asoma.
297 715 794 773 y ya suena la campana
307 768 728 821 de la Rábida lejana;
313 805 868 867 ya en la crujiente maroma.
307 848 767 897 tendida la vela toma
297 892 798 951 el viento gallarda nave:
307 940 819 995 ya cruza agorera un ave;
309 974 907 1044 y el pueblo triste en la playa.
307 1034 832 1082 esperando á que se vaya
307 1063 868 1145 la flota á mar que no sabe.
352 1174 822 1253 El último beso al hijo,
309 1245 821 1292 y la bendición postrera;
315 1289 851 1337 los brazos, el alma entera
315 1325 812 1394 se dan en dolor prolijo.
309 1372 786 1427 Con espanto el ojo fijo,
313 1407 913 1476 el que allí se queda, advierte
309 1460 886 1530 que corre á segura muerte
313 1500 716 1562 rápido por el Odiel?
309 1549 716 1610 cada atrevido bajel
313 1586 907 1667 entregado á infausta suerte.
358 1699 905 1783 En el mástil más erguido
308 1738 782 1820 la bandera de Castilla.
309 1794 847 1861 sobre la estrecha toldilla.
309 1849 841 1909 el genio no comprendido.
321 1879 952 1956 Yun sol que irradia escondido
313 1943 791 2000 en su frente gigantea,
309 1982 782 2041 inegado sol de la idea!
315 2033 788 2090 en la noche de la duda.
319 2050 943 2137 que atrás deja en rabía muda,
319 2122 815 2190 su mundo al lejos orea!
361 2211 927 2309 Salvel cuádriga triunfante
317 2286 863 2354 que en circo trueca la ola,
315 2330 740 2390 allá irá la nave sola
319 2371 872 2438 á abrir el golfo humeante,
315 2421 830 2478 como carro centelleante
321 2466 798 2515 de olímpico vencedor,
324 2503 801 2565 adonde renazca en flor
321 2549 845 2613 la vida en tropel ardiente
330 2596 766 2654 y la libertad potente
321 2624 818 2710 con el vuelo del condor!
367 2746 818 2819 Lleva la Santa María
324 2778 922 2863 de todo un mundo el reflejo;
321 2851 876 2913 é hinche sus velas el viejo
323 2891 758 2945 soplo de la profecía.
330 2922 850 2992 Len esa extensión, vacia
328 2970 929 3041 que inundan sus claridades,
330 3027 831 3079 divagan nuevas edades,
330 3075 860 3139 otro pensamiento estalla,
327 3112 811 3168 otro ideal que batalla,
330 3154 850 3232 y antiguas heroicidades.
1015 500 1687 602 ¡Tierra! y de hinojos cayendo
1009 582 1477 643 la tripulación adusta,
1015 620 1552 689 sube la plegaria augusta:
1015 657 1598 712 lla América está naciendo!
1023 708 1689 759 Vencido está el mar horrendo....
1023 749 1669 808 Tu triunfo, Colón, ¿qué iguala?
1017 800 1643 861 ¿ni en qué cánticos se exhala
1023 848 1592 900 todo aquel ritmo profundo
1015 879 1621 943 de tu pecho al ver tu mundo.
1017 929 1553 1008 envuelto en tórrida gala?
1062 1154 1598 1252 Aullidos de dragón fero
1017 1232 1512 1286 simulaban las amargas.
1023 1264 1588 1324 ondas negras en las largas
1014 1317 1533 1365 angustias del marinero,
1023 1356 1594 1411 y hora el vibrar placentero.
1021 1404 1528 1461 de harpas bajo la quilla;
1023 1435 1631 1512 que allá surge ioh maravilla!
1021 1497 1499 1549 con su corte soberana.
1023 1538 1512 1605 de soles, la americana,
1021 1579 1486 1654 la continental Antilla.
1064 1686 1615 1762 ¡Catay, el soñado Oriente!
1020 1752 1633 1814 tierra que un círculo abarca
1024 1792 1546 1844 de dicha y es como arca
1025 1827 1663 1893 que volcó el mar esplendente.
1025 1883 1571 1939 en cuyas florestas miente
1035 1927 1525 1978 savia armoniosa de vida
1023 1968 1562 2025 la turba alada encendida;
1025 2018 1555 2069 y son citaras los troncos,
1025 2058 1606 2116 himnos los volcanes roncos,
1021 2104 1615 2179 y en fuego el amor se anida.
1075 2204 1627 2289 Atrás Cuba, en lontananza
1025 2259 1604 2334 la libre Antilla, Hispaniola,
1029 2314 1513 2372 que sobre su altiva ola
1034 2360 1573 2413 y en su tropical holganza
1031 2401 1508 2465 la vida atónita alcarza.
1035 2447 1559 2502 Tierra de triste querella.
1035 2478 1579 2551 y del mundo la más bella
1031 2541 1564 2590 que jamás soñó el pincel;
1035 2582 1468 2634 de Colón y de Isabel.
1031 2605 1627 2701 predilecto amor, Guisguega!
1718 498 2277 584 espolea raudas corrientes.
1722 578 2208 645 y á la catástrofe ruda!
1766 675 2326 755 Guail que la astuta sirena
1728 742 2310 802 vierte ponzoña en su canto,
1731 784 2261 850 y la naye en riesgo tanto,
1728 830 2240 892 fía Colon á mano agena;
1733 872 2339 925 Guail atiende, que á la arena,
1731 920 2225 970 arrastra tu bravo leño;
1724 955 2299 1011 escucha el furioso empeño.
1733 1005 2200 1063 del espumaraje aleve,
1726 1049 2262 1109 y como á la nao se atreve.
1724 1094 2233 1160 con más iracundo ceño!
1772 1210 2274 1273 Muerta la Santa María,
1731 1263 2267 1328 que fué carro triunfador.
1733 1309 2143 1364 y la épopeya mejor.
1731 1335 2418 1410 que un mundo en sus ritmos cría
1728 1395 2382 1464 del monte en la cumbre un día
1728 1440 2224 1502 alzáronse sus despojos.
1743 1481 2274 1546 para ser, de sangre rojos,
1731 1530 2273 1601 poder, símbolo y pendón
1728 1574 2137 1634 de una civilización
1736 1612 2163 1692 y de tiranos antojos.
1788 1726 2343 1808 Mientras la huérfana flota
1731 1801 2340 1848 corre á dar la extraña nueva
1733 1842 2361 1910 que al orbe agite y conmueva;
1731 1882 2255 1946 acá en la Antilla remota
1739 1929 2192 1988 indomable raza brota
1731 1967 2243 2030 á morir por su derecho,
1745 2012 2343 2071 y á oponer desnudo el pecho
1730 2074 2313 2120 lla primera á la Conquista;
1737 2105 2152 2165 y como débil arista.
1737 2143 2340 2220 el fuerte cayó deshecho!...
1991 2261 2394 2359 CESAR N. PENSON.
1080 2815 1625 2903 Pero en la calma amorosa
1034 2895 1585 2949 de aquellas azules noches
1035 2938 1615 2997 en que desata sus broches
1037 2982 1492 3037 esa poesía grandiosa,
1037 3024 1492 3081 el océano traidor osa
1041 3062 1588 3121 vengar su derrota cruda,.
1049 3099 1671 3185 y en la paz con que se escuda,
1023 3155 1665 3234 lmanda á las sirtes ragientes,
