2479 3508
229 160 443 257 Página3
1942 160 2207 258 Fémina
567 278 1879 374 EL FLAY LUX DE LA AMERICA.
239 420 1177 523 OSADIA acaso pueda parecer, ante la rancia
304 495 1169 541 opinión de fanáticos sustentadores del
221 540 1172 597 catolicismo, que rubremos americanizando
222 580 1172 638 todo lo mas que se pueda este humilde traba-
229 623 1176 677 jo, con las palabras salidas de los labios de
229 670 1187 716 Dios al esparcir la luz por el Universo, allá en
226 714 1169 764 los alboresdel Génesis; osadía, llamarán, sí,
222 750 1169 811 el que digamos, alentados de un entusiasmo
226 803 1172 847 sin límites, que el ñué luo de la América, es
221 840 1167 891 obra, no de la palabra como el “ñat lug” de
222 881 1172 950 Dios, sino de la acción audaz del hombre mas
221 929 1176 989 grande y eminente que se honra la tierra de
217 974 1169 1040 haber producido allá en las regiones meridio-
222 1020 796 1081 nales de la antigua Europa.
265 1037 1171 1110 ¿Y por qué nos interrogamos como arrepen-
222 1100 1177 1164 tidos de nuestro aserto, han de llamar osadía
217 1149 1172 1203 a la expresión de la verdad, tanto mas proba-
222 1197 1177 1251 da, cuanto que a la luz que nos referimos no
229 1241 1176 1285 es a esa expresa en la Biblia así: Dirit que
226 1285 1177 1333 Deus, Fiat lug. El facta est lun; que a la cual
222 1324 1162 1382 nuestras frases dedicamos en señal de respe
222 1372 1172 1429 to y gratitud, es a la luz de la civilización que
226 1409 1169 1467 Cristobal Colón vino a esparcir en América,
222 1458 1177 1514 completando el mundo trunco de los antiguos
222 1499 1097 1558 y probando una vez mas la redondez de él?
271 1527 1166 1596 Aquel “hágase la luz” del Creador está dis-
229 1589 1167 1643 cutidísimo, y sigue discutiéndose con la cien-
226 1632 1177 1686 cia; ella astronómica, matemáticamente, saca
226 1676 1176 1731 a colación teorías muy respetables y pruebas
229 1717 1176 1777 numéricas formidables; este Fiatlua de Colón
229 1764 1180 1818 está probado por la historia y apoyado por la
232 1808 1176 1867 iencia y con ellas hermanadas basta para
226 1851 675 1913 demostrar la verdad.
271 1869 1177 1942 Empero, no es propósito nuestro establecer.
229 1934 1176 1987 disidencias entre la religión y el Fiut lua de la
229 1975 1176 2039 América, y si acaso somos exajerados en las
226 2026 1176 2083 demostraciones, en las pruebas, culpa es dei
232 2068 1179 2122 entusiasmo que embarga nuestro ánimo, y
232 2112 1179 2166 que atropellando el arte, pero sacando ilesa la
232 2155 1179 2202 verdad, hace que nuestra pluma escriba, que
226 2204 1176 2268 nuestros labios hablen concepciones mas del
226 2248 793 2304 alma que de la intelijencia.
275 2274 1177 2343 Podemos muy bien, sentados los conceptos
232 2332 1176 2385 que preceden, no tocar en nada mas puntos
229 2376 1172 2426 teolójicos y dejarlos para refleeciones mas
232 2423 1180 2484 tardías, pero mas meditadas y también mas
222 2464 461 2528 enérgicas.
276 2480 1174 2562 Probar el Fial lua de la América es cosa fá-
232 2533 1179 2611 cil porque todos los que sientan correr por
229 2591 1180 2655 sus venas sangre americana, pero enjendro de
229 2641 1177 2691 sangre española, están convencidos de que la
232 2688 1179 2737 opinión del que llamaron injustamente visio-
232 2732 1187 2784 nario era redonda en favor de tierras ignotas.
229 2773 1184 2825 mas lejanas, discutidas así, porque en esa
229 2815 1177 2869 época y en la Eluropa de entonces no se conve-
239 2863 1180 2915 nía de ningún modo en la forma esferoidal del
234 2904 1184 2969 planeta. Y Colón, persistente siempre en su
244 2946 1182 3007 pensar tan exacto y en su sentir tan noble,
244 2992 1182 3049 pidiendo una protección hoy, acorriendo a otra
229 3035 1187 3106 después y al fin de vejámenes y calificitivos.
231 3089 1179 3133 de loco, obtuvo de los Reyes de España el au-
232 3123 1184 3190 xilio pecesario para emprender camino tan
1262 420 2209 504 largo, acompañado de ignorantes que no por
1265 495 2214 546 dían creer en nada, porque quien no sabe
1262 535 2209 589 duda y solo el que se empapa en la verdad de
1270 582 2211 636 la ciencia, asegura y descubre como aseguró
1274 626 2212 690 y descubrió Colón tierras que iujustamente
1262 664 1723 732 se llaman americanas.
1306 688 2204 759 ¿Y no fué ese un verdadero ñué lua, positi-
1269 754 2202 803 vamente probado? Sin Colón la luz de la civi¬
1269 803 2202 850 lización hubiese podido llegar en muchos si-
1262 847 2209 914 glos hasta nosotros. No porque a mucho me-
1262 886 2209 938 nos de la mitad del camino se estancaba. Ni
1269 925 2207 984 Marco Polo, ni Juan de Bethencourt, coloniza-
1270 976 2202 1028 dor de las Canarias; ni don Enrique el Nave-
1265 1019 2199 1074 gante, descubridor de la isla Madera; ni Gon
1262 1058 2209 1120 zalo Zarco y Tristán VazPeixeira, arrastrados
1269 1105 2211 1156 hasta el islote que llamaron Puerto Santo; ni
1270 1153 2209 1207 los que doblaron el cabo Bajador: Guillianes y
1270 1194 2202 1244 Gonzalez Baldaya; ni Antonio Gonzales y Nu-
1270 1239 2209 1295 no Tristán, que llegaron hasta el Cabo Blanco;
1270 1277 2209 1328 ni Cada Mosto que dobló el Verde, ni Diaz y
1274 1323 2212 1370 Diego Cain, ni ninguno en fin, que los nantas
1270 1365 2217 1414 habidos antes y en la época del que en vida
1277 1413 2217 1467 tuvo preseas de hierro y en muerte laureles
1270 1454 2211 1503 de infinita gloria, llegó siquiera a la mitad de
1270 1498 2214 1550 ese camino de agua al que se lanzó así como
1277 1539 2202 1596 práctico costanero emprende su corto itineral
1270 1584 2176 1648 rio al rededor de pequeña porción de tierra.
1313 1628 2206 1684 Y esa intrepidez vale mas, porque mas pro-
1274 1664 2212 1722 bada está, que un “hágase la luz", del Géne-
1269 1720 1346 1784 sis.
1310 1749 2215 1807 próximio a vencerse para Colón el plazo fu-
1269 1794 2220 1861 tal puesto a sus tripulantes, él, se asegura
1274 1846 2207 1902 con fé de matemáticas que habrían de descu,
1269 1892 2217 1947 brirse las costas, y se fijan premios parael
1277 1933 2220 1993 primero que diese el grito de ITIERRA! Si en
1270 1975 2220 2029 equidad y justicia se hubiera premiado al quer
1270 2014 2211 2070 el premio merecía, a Colón era a quien hubie:
1269 2063 2225 2117 se correspondido, porque en la uadrugada
1270 2106 2235 2160 del lí al 12 de Octubre de 1492 vió una luza
1277 2153 2229 2207 tenue aparecer y desaparecer como corres
1279 2201 2220 2253 pondiendo al ñat pronunciado y puesto en-
1285 2238 2225 2296 práctica por él mismo. Pero Colón noera
1277 2279 2224 2341 egoista y tenía razón de acariciar sus dudas¬
1283 2323 2224 2376 respecto a luces, pues ya la imajinación le ha-
1274 2364 2224 2421 bía hecho ver otras iluminaciones que luego
1269 2410 2211 2469 al aparecer a su vista se desvanecían por
1269 2459 1491 2521 completo..
1316 2467 2214 2549 Esa luz, que sin duda era la de algún indi-
1282 2531 2225 2598 jena pescador, allá en las costas de la isla
1280 2587 2214 2636 San Salvador, es el resultado de su Fiat toma,
1269 2629 2160 2681 do coño las alucinaciones de un visionario.
1319 2673 2220 2726 Séase que Colón buscase un camino mas
1277 2722 2217 2780 corto que condujese a la Indin, séase que él
1274 2762 2214 2829 no tuviese lalmas leve pretensión de descubrir
1277 2812 2207 2874 estas tierrayoccidentales, porque los conoci
1274 2853 2217 2907 mientos geográficos de aquella época no alcan-
1274 2892 2220 2950 zaban muy lejos, él creía y lo probó, que dada
1277 2936 2217 3000 la entonces discutida redondez de la tierra,
1280 2982 2214 3036 saliendo de un punto cualquiera de ella y ca-
1280 3021 2220 3077 minando siempre en una misma dirección
1279 3069 2220 3146 había forzosamente de volverse al punto de las
1283 3118 1455 3183 partida.
