2479 3508
289 144 552 242 Feminal
2079 138 2272 242 Página A
320 232 1226 326 El creía que el mundo no era tan limitado y
277 316 1223 365 que debía encontrar otras tierras, porque te-
271 354 1234 408 nía la convicción del sabio, porque tenía fé en
277 399 1222 453 las ciencias, y así, poseído de convicciones y
271 445 1223 490 de fé, pronunció un hágase la luz y la luz apa-
273 493 1227 541 reció a su vista, producida por un inculto in-
271 527 1223 577 dío que no podía siquiera soñarse con la re¬
277 578 1228 632 pentina aparición de hombres civilizados, de
271 623 1222 680 hombres que trajeron a la América la luz y
277 665 1223 722 por causas ajenísimas al querer de Colón tra¬
271 706 871 782 jeron también el exterminio.
318 744 1230 808 Respecto a la deificación de Colón grandes
266 796 1225 862 han sido las dificultades que se han presenta¬
267 851 1225 904 do de parte del Vaticano y toda la santa sede,
273 891 1231 949 y sin embargo él ni mas ni menos ha hecho lo
261 938 1225 994 que dicen que hizo el Dios Mistico de los faná-
273 984 1220 1033 ticos, crear un mundo, porque creó el hemis-
273 1029 1226 1074 ferio Occidental, o mejor dicho completó la
267 1072 1227 1119 obra de Dios agregando la América a los anti-
271 1118 1206 1171 guos continentes. Pronunció el ñat lug
271 1165 1228 1208 desde el Puerto de Palos y al cabo de dos me
271 1204 1230 1260 ses y nueve días la luz americana brilló en el
271 1245 1223 1297 hachón de salvaje pescador para convertirse
271 1293 1223 1344 en la esplendorosa luz de toda una civilización
265 1335 1236 1387 invasora, de toda una civilización que traía
261 1381 1219 1433 consigo el atrevido nauta en pago de un por-
267 1421 1215 1475 tentoso descubrimiento, como lo fué el de es-
265 1469 1217 1522 ta parte del planeta, que hoy en conmemora-
261 1514 1222 1565 ción del cuarto centenario del día en que por
267 1560 1225 1608 primera vez plantas españolas hallaron sus
263 1601 1222 1668 territorios eleva sus preces por él, Dios de las
1328 246 2292 317 Américas, por él, que como Cristo pagó con
1328 314 2285 367 el martirio los bienes hechos a la humanidad.
1375 354 2284 407 Colón, el más atrevido navegante de su si-
1324 399 2289 454 glo y los que le precedieron, vino a acentuar
1322 444 2295 493 mas los principios científicos respecto a la
1330 489 2285 541 forma del planeta; vino a justificar este verso
1324 530 2292 586 de Gaglinfti: Unus erat mundus; duo sunt, ait
1328 574 2285 628 iste: fuese, y vino también a iniciar la civiliza-
1328 615 2295 674 ción en este hemisferio Occidental, al que no
1336 666 2289 716 llegó ninguno de los hijos de Noé, pobladores
1324 711 2285 760 según el libro de las santas escrituras de las
1324 750 2285 812 tres partes del mundo: Enropa, Asia y Africa.
1369 797 2290 850 Es así que si la América no tuvo un Sent,
1324 836 2292 893 un Cant ni un Jafet para poblar su territorio,
1324 886 2285 932 tuvo un grandioso Cristobal Colón que trajo
1330 930 2292 988 la luz para esparcirla entre las tinieblas de
1322 975 2292 1020 bárbaras tribus de indijenas. En nombre del
1334 1020 2292 1069 Fernando e Isabel pronunció el “hágase la luz
1330 1066 2292 1117 y la luz fué;" y con el transcurso de los años
1322 1109 2292 1159 esta América plagada de hombres salvajes se
1318 1152 2285 1204 convirtió en continente de hombres civilizados.
1375 1198 2296 1266 Por eso cuando el alma se dilata, como en
1318 1245 2284 1301 esta noche de luces y de ambiente perfumado,
1324 1293 2285 1350 en que celébrase el cuarto centenario de un
1318 1336 2285 1387 descubrimiento portentoso, se nos escapan de
1322 1379 2289 1427 los labios trémulos las palabras: iloor a Colón
1328 1429 2285 1476 y su América, es decir al Dios y su creación,
1336 1461 2285 1521 porque hace cuatro siglos dijo: sea la luz” y
1328 1516 2137 1580 la luz fué para las tierras occidentales.
1782 1579 2248 1669 JOAQUIN MA. BOBEA.
869 3037 1679 3141 Paisaje en la Costa Sur de Santo Domingo.
