2479 3508
258 144 468 260 Página?
1949 152 2209 296 Fémina
1008 837 1519 981 SALMO DE AMOR.
1231 940 1635 1077 Para Kelty la Divina.
887 1067 1539 1180 Bella ipálida Virgen agarena:
839 1150 1615 1244 por tus suaves encantos amorosos,
842 1221 1537 1279 eres como una mística azucena.
839 1249 1683 1365 dormida en aúreos lampos luminosos;
837 1357 1658 1456 o en un rimbo de luz en que parece.
842 1446 1628 1509 que una celeste claridad te alumbra.
839 1491 1552 1562 ien que toda tu vida languidece.
842 1542 1615 1615 como en una monástica penumbra.
892 1615 1683 1747 Eres, bajo tus sueños, como un lirio.
837 1709 1542 1777 de los páramos tristes de Judea.
837 1752 1585 1853 de los que perfumaren el martirio.
834 1817 1433 1903 del pálido desús de Galilea!
834 1931 1676 2030 Ocasta imágen que en los humos leves.
837 1989 1486 2050 de mis enamoradas fantasías,
834 2035 1580 2098 en una dulce idealidad te mueves?
837 2090 1673 2186 como una hermana de las Tres Marías.
826 2166 1511 2280 l así mi vida espiritualte llama.
837 2260 1648 2338 ¡así el ensueño de mi amor te evoca,
826 2318 1547 2376 con un ánima triste que te amar
837 2366 1537 2462 ajena al fresco beso de tu boca.
872 2454 1686 2558 Ipues te infiltras en mi vida oscura
824 2520 1587 2611 bajo el delejte de un divino anfelo,
837 2586 1567 2651 pienso que tu romántica dulzura.
829 2618 1673 2732 fué un soplo de los Angeles del Cielol.
1284 2732 1628 2843 Baldemaro Rijo
824 2828 1196 2955 Octubre a, 1923.
