2479 3508
264 143 536 258 Fémina
2065 121 2283 230 Página 61
718 243 1768 428 POEMAS (1)
1521 385 2222 504 (Del libro inédito ENCUENTRO..)
954 496 1639 622 Inquietudes.
240 653 1084 782 ¿Por qué tienes la cara llorosa.
318 781 1268 872 —¿Por qué tienes la cara llorosa y juntas!
237 860 1260 929 las manos? ¿Por qué en el sitio que estás
237 920 1251 1007 te rodea un vaho glacial, como velo plega-
240 959 1254 1040 do del Frío?.... ¿Es que quieres parecer-
237 1020 931 1105 te a una estatua de mármol?
350 1055 1261 1144 Ven hacia mí, Rey mío, se está vol-
243 1127 1265 1190 viendo oscuro el día en todo su esplendor.
246 1184 1265 1246 Aquí comienzan a cantar los cuervos, y
248 1238 1276 1307 lentas las horas van cayendo en el recinto
248 1289 1271 1364 de la muerte. Pero allá, ¿ves aquella lu-
246 1335 1282 1409 cesita que brilla en la lejanía?.... Allí
248 1392 1280 1458 está el palacio de una princesa, allí se
252 1445 1273 1521 canta y se baila toda la noche, allí corren-
249 1501 1280 1567 las niñas como gacelas. Ve, ve adonde
249 1556 1280 1640 brilla la lucesita, y lleva mis mensajes de
257 1614 613 1702 primavera..
348 1648 1274 1738 —¿Es tu voz que me habla?.... Se enre-
249 1718 1282 1795 da la campiña en niebla que traiciona y se
255 1768 1161 1850 abrazan los árboles con sueño mortal.
348 1825 1277 1900 —¿Ves la espiga que en lo claro del cam-
264 1879 1283 1970 po se iergue entre las flores como un rayo
255 1936 794 2009 de sol suspendido!....
354 1989 783 2060 —Sí, veo la espiga.
343 2012 1283 2116 —Córtala y ofrécela a la princesa. Su-
264 2096 1277 2166 perfume fragante le llevará el sueño....
266 2146 1282 2222 (Tus manos entre flores serán como sonri-
264 2208 1048 2275 sas, iy la princesa sonreirá....D
363 2221 1283 2326 —¿Qué quieres decir?  Reposa tu
264 2303 1283 2385 cabeza en mi pecho, con los ojos levanta-
261 2358 1274 2442 dos. ¡Se desvanece mi sér en la senda in-
270 2414 1274 2482 finita de tu mirada! (Ahora no iré.
377 2469 1281 2528 Vas a perder el tiempo, mi Dueño, y
275 2519 1280 2591 un día el carro de vertiginosa carrera ha¬
274 2569 1280 2643 brá llegado al linde sin que seas sátisfe-
273 2626 1283 2709 cho.... Aquél palacio que se alza en la
273 2681 1283 2757 visión del horizonte es un palacio de vo-
271 2748 454 2831 Ces.....
330 2765 1283 2854 —Dueña mía, baja de ese pedestal de
279 2827 1281 2918 piedras y ven conmigo a cantar a la prin-
282 2894 1283 2968 cesa de manos de oro, de risa fabulosa y
288 2955 760 3030 vida legendaria....
336 2970 1283 3059 —No, mi Rey, marcha solo; yo iré sola.
282 3055 1283 3124 también. Nos volveremos a encontrar
291 3111 1283 3180 (quizás un día!...) en el perfume del
288 3160 1252 3244 Malhabar de los jardines de la princesa.
1300 655 2239 768 Esta mañana he estado bañándome.
1351 766 2328 858 Esta mañana he estado bañándome en
1305 841 2268 915 una fuente. Y el ensueño reía, reía...
1362 896 2332 965 El agua despertó mi soñoliento cuerpo
1308 956 2326 1021 desnudo, y embriagada de suavidad perfu-
1309 991 2341 1070 mó las rosas que iban abriéndose, coloreó
1304 1050 2237 1135 la linea feliz que surgía en la mirada.
1362 1121 2336 1181 He rodeado mi querpo con velos espesos,
1318 1158 2339 1238 porque parecía un nacimiento de la fuente.
1312 1233 1962 1291 Y el ensueño reía, reía...
1371 1243 2338 1347 Con los ojos hundidos en la vaguedad de
cesita que brilla en la lejanía?.... Allí
1395 1320 2329 1410 pensamiento, ebria de soledad y silen-
está el palacio de una princesa, allí se
1312 1379 2268 1459 cio, abracé el alma y emprendí el vuelo.
1366 1435 2341 1499 Otra fuente fué creándose a mi paso
las niñas como gacelas. Ve, ve adonde
1314 1484 2343 1570 dormido, y quedé sorprendida: bañaría mi
1321 1537 2339 1610 cuerpo! (En oscura carrera se precipitan
1321 1608 2350 1675 las pálidas Mentiras, llenas de terrífica
1318 1651 2341 1723 muerte, regando flores marchitas de sonri-
1320 1713 1530 1784 sas....)
1366 1735 2346 1826 ¿Quiénes van a esta fuentez ¿Qué quie-
1312 1813 2350 1879 ren? ¿Por qué no se extrañan? ¿Nadié
1324 1869 2358 1956 sabe reir? ¿Todos esconden lo mejor que
1326 1930 1490 2005 traen?
1375 1940 2358 2042 Sombras inquietas y zozobrantes pasan
1283 2056 1295 2094 —Córtala y ofrécela a la princesa. Su-
1375 2020 2360 2095 pasan infinitamente ... Una tiene la
1327 2086 2355 2158 frente estrellada, y dice que va en oscuri-
1333 2137 1753 2217 dad toda la vida..
1380 2165 2363 2255 Sentí miedo, levanté la cabeza, y, poco a
1333 2235 2370 2342 poco, surgió en mi pensamiento la hora
1333 2305 1604 2385 encantada.
1383 2321 2364 2422 Estaba ardiendo la hoguera que purifi-
Vas a perder el tiempo, mi Dueño, y
1330 2403 2098 2480 Ca. Y el ensueño reía, reía
1388 2427 2358 2535 Yo seguía jugando con el agua de mi
1327 2507 1607 2593 fuente.....
1336 2584 2202 2706 Las sombras vienen lentamente
1393 2697 2369 2792 Las sombras vienen lentamente y del
1348 2779 2367 2853 puntillas a dar su beso oscuro al sol. Con
1342 2828 2370 2899 magestuosa suavidad se desliza la Luz en
1345 2885 2372 2965 el Olvido, que velando los ojos del alma
1340 2949 1904 3009 esparce su perfume...
1396 2965 2379 3070 La imagen solitaria de la luna vaga en
1345 3044 2045 3124 las ondas del agua profunda.
1402 3080 2377 3189 Yo siento meditar las horas en silen-
1349 3160 1501 3248 cio...
