2479 3508
258 131 467 229 Página 7
1969 135 2230 239 Femina
264 243 1224 324 Todo el pensamiento de la Creación se
212 318 1220 384 vuelve a tí, Señor, y, ascendiendo a tu
212 374 1219 453 regazo, comienza a sonreir en la luz de las
219 420 491 508 estrellas...
206 484 708 589 Estoy pensando...
449 561 1225 642 (Porque me sonreiste, infinitamente, frente al mar,
449 624 1200 685 como la flor de ilán-ilán que muere al nacer la luzl
273 672 1203 742 Estoy pensando en aquel día de ha
214 709 1224 787 ce mucho tiempo, que hilando tu sonrisa
216 774 1213 840 la condujiste al recinto de los rientes re-
206 838 1065 906 cuerdos. Estábamos frente al mar.
258 881 1227 948 La claridad del cielo era diáfana, y, en
210 937 1215 997 aquella luz, recogimos unas flores rosadas
207 993 1218 1055 y dejamos el pensamiento en la suavidad
208 1055 1215 1107 de los pétalos, y en las ondas del mar....
261 1093 1220 1152 Levautamos los ojos, y una vez y otra
207 1158 1210 1213 cojía su barquilla el barquerol, y se per-
210 1199 1220 1267 día, en la vaguedad de la lejanía, con
207 1242 806 1314 nuestro pensamiento....
261 1288 1220 1373 Era a principios de la primavera y cada
206 1342 1210 1430 flor escondía su perfume encendido, teme-
207 1412 1212 1498 rosa de que no fuese el tiempo del derro-
206 1463 378 1532 che...
261 1490 1213 1588 Sentimos la frescura del rocío y el ru-
207 1566 1218 1630 mor de olas agitadas: otra vez volvía el
207 1626 1218 1710 barquerol en su barquilla, y así pasaba el
206 1679 447 1747 tiempo...
256 1721 1227 1792 Los dedos de la noche soltaban el manto
208 1767 1219 1867 oscuro y descendió una voz entre brumas
200 1838 976 1909 grises: ¿qué dijiste; lo recuerdas?
258 1888 1061 1969 Lo que yo dije no lo recuerdo....
825 1937 1173 2030 DELIA VEBER.
200 1964 734 2080 Santo Domingo, 1921.
243 2045 1218 2103 (1) Estos poemas fueron publicados deslizándose algunos erre¬
203 2080 1213 2150 res. Espero que la revista Fémina los reproduzca conforme al
203 2118 341 2192 Original.
502 2152 924 2258 ALBUM
264 2220 1163 2300 DE PENSANIENTOS QUE SE HANESCRITO CON MOrIVO
530 2288 895 2356 DEL 12 DE OGTUERES
261 2323 1219 2408 EL mismo pedazo de tierra que ocupa en
210 2399 1219 2474 el planeta, hoy un Edison, lo ocupó ayer
214 2452 465 2520 un salvaje.
261 2470 1213 2573 ¡Gloria a Colón que ha hecho que al bru-
206 2555 645 2645 to suceda el sabio!
775 2587 1178 2686 Joaquin Ma. Bobea.
256 2661 1208 2741 DOS hombres grandes: Jesucristo hacien-
203 2732 1213 2806 do de dos mundos uno solo—El mundo cris-
207 2785 1173 2872 tiano. Colón haciendo de un mundo dos-
201 2831 880 2904 los mundos de la civilización.
817 2876 1176 2963 Lorenzo J. Bobea.
256 2934 1218 3027 LAS glorias de Colón serán más grandes.
203 3019 1213 3073 mientras más se multipliquen las generacio-
207 3069 1227 3150 nes y más se civilize el mundo descubierto.
210 3118 370 3201 por él..
836 3127 1173 3209 Peélir E. Richiez.
1445 233 2092 350 ¿VENDRA LA PRIMAVERA?
1945 331 2227 418 Para Fémina.
1269 370 1988 455 Concede a mi verso la fina sutileza.
1264 433 1983 515 de llegar, temeroso, a tus balcones
1259 486 1907 535 a ofrecerte, rosal de la belleza,
1262 528 1968 605 la dulce palidez de mis canciones.
1262 576 1988 666 Bien sé que dirás llena de encanto
1259 645 1902 690 al leer éstas lineas melodiosas:
1267 666 2052 753 que tú no eres la que inspira el canto,
1269 737 2031 797 que tú no eres hermana de las rosas.
1273 782 2017 849 Que no puede ser, porque mi anhelo
1259 830 1982 892 huía a la ocasión de hacerte corte;.
1261 882 1997 950 que jamás te llamé: Sol de mi cielo,
1267 942 1925 1003 que núnca alabé tu regio poite.
1259 984 1988 1056 Sin embargo, mis rimas nacaradas.
1259 1049 2007 1097 fluyen siempre de mi estro al verte,
1270 1072 2065 1158 mi pecho guarda la luz de tus miradas,
1280 1139 2054 1196 y mi amor será eterno cual la muerte.
1264 1195 2015 1260 Mi labio, tal vez, permanecerá mudo.
1255 1257 2006 1299 ante el poema ideal de tu presencia;
1261 1295 1979 1344 siendo tu nombre el divino escudo
1270 1336 1976 1417 que raya tu tan cruel indiferencia.
1270 1387 2045 1467 Un abismo de honor que bien conoces
1267 1453 1976 1506 me hace tímido, talvéz indiferente;
1259 1489 2007 1552 y a pesar de eso en todo desconoces
1261 1542 2039 1612 el amor que en mi pecho está latente,
1261 1595 2024 1669 Bien sé que jamás tu boca sonrosada
1255 1659 1946 1729 ardiendo de pasión en el exceso,
1264 1695 1889 1748 será la copa sonora y delicada
1260 1744 1976 1815 que reciba el perfume de mi beso.
1267 1799 1990 1870 Bien sé que en tus negros cabellos
1260 1861 1946 1916 no dormirán mis cálidos antojos,
1259 1898 2035 1959 que tampoco serán míos los destellos.
1261 1946 2010 2020 de los astros milagrosos de tus ojos.
1266 2007 2000 2077 Que jamás tus labios, flor de grana.
1259 2043 2131 2132 pronunciarán un tenue Sl sonoro.
1264 2148 2009 2201 y que siempre esperaré ese mañana
1261 2160 2221 2256 de arrancárte emocionado un SI TE ADORO..
1292 2239 1571 2305 Setbre. 1923.
1688 2241 2223 2310 MIGUEL A. GUERRERO IR.
1309 2325 2268 2394 jA quien se deben las glorias del nuevo
1255 2370 2268 2443 mundo!.... Ay!..., mas, pecaríamos de
1252 2436 2256 2489 ingratos, si no diéramos puesto en el con-
1261 2476 2258 2546 cierto universal a Doña Isabel la Católica,
1252 2542 2255 2610 cuando sabemos que de su protección deci-
1252 2598 2263 2679 dida, nacen las glorias del genovés y con
1252 2643 1712 2728 él un nuevo mundo.
1728 2656 2222 2764 Eva Rodriguez y Angulo:
1534 2748 1988 2845 FIAT LUX-
1682 2802 2216 2887 Al genovés Cristóbal Colón.
1363 2837 2080 2928 Tu genio pareció cual meteoro,
1367 2895 2167 2989 y al globo completaste con tu ideal:
1369 2968 2213 3040 Tu osario es para América un tesoro,
1363 3028 2201 3088 y tu nombre grabado en letras de oro.
1354 3079 2143 3157 en la historia del mundo gigantea.
1873 3126 2212 3202 Lorenzo Sánchez.
