2479 3508
227 142 499 258 Fémina
2050 146 2258 244 Página 8
480 265 946 372 Los Muertos Etc...
589 341 1189 425 (Continuación de la 1a. pág)
190 402 1223 495 naciones de nuestra América, para echar las
199 492 1223 554 bases inconmóvibles de la Potencia más for-
199 527 1227 593 midable del Mundo; puesto que todos los
207 595 1230 663 pueblos que se van a hermanar y a fundir-
196 642 1233 711 en un gran Pueblo de Hermanos, son de
198 710 1233 770 igual origen, y atados están por los sagrados
200 754 1229 834 nexos de la misma Tradición, y de la misma
200 808 380 874 Habla.
249 818 1233 916 Marti—Sí, Santo Domingo, como es
207 913 1221 982 geográficamente el Centro del Mundo, ha-
204 955 1230 1024 brá de ser mañana—en breve—el mismo
204 1015 1227 1081 foco de luz que un día fué; cuando desde su
208 1069 1224 1136 Universidad Primada de la América irradia-
207 1123 1229 1207 ba la luz a todo el Continente; de allí salí yo
209 1185 1234 1243 con mi antorcha de Libertad y de Amor en
207 1240 1241 1311 la fulminea diestra, armado del Derecho; de
200 1286 1233 1352 allí también—de otro extremo de la Isla.
209 1339 1227 1401 salió Bolivar con su fardo enorme de res-
209 1389 1233 1470 ponsabilidades sobre la ancha espalda de
216 1440 1233 1512 los Hércules para trepar con él o éllas sobre
252 1504 1233 1583 El Chimborazo” y Los Andes" enhiestos.
266 1551 1238 1627 Hostos—Yo solo espero en el silencio del
207 1604 1224 1671 la tumba dominicana donde aún vive su vi-
216 1662 1236 1727 da inextinguible mi ánima gigante; la gran-
216 1710 1229 1778 fusión nacionalísima del Gran Pueblo Domi-
217 1766 1238 1837 nicano, para entonces, contigo de la mano,
242 1817 1234 1888 —invitar a Bolívar que aún vive en Vene-
222 1872 1250 1940 zuela, y en Chile y la Argentina, y en el
218 1931 1245 1998 Brasil y en Paraguay, y en Colombia y en
227 1983 1241 2058 Ecuador, y en Méjico mismo y Centro
225 2046 1236 2105 América, como en Cuba y Puerto Rico vi-
231 2082 1245 2152 vimos nosotros para la Obra América y ha-
227 2142 1243 2205 cer en un solo día lo que en el año 1822
227 2188 1254 2274 deseó hacer El Libertador de la América.
231 2252 1247 2311 nuestra, siendo desairado por esos Estados
231 2308 1246 2391 Unidos del Norte América que hoy teme-
224 2368 443 2434 mos....
282 2392 1250 2484 Marti—Tienes razón; pero. "La Fuerza”
240 2474 1247 2549 Cónscia” de que tu hablabas cuando no po-
234 2532 1247 2599 días ser entendido, Triunía, porque ya hay
240 2586 1256 2651 muchos hombres plenos de razón que saben
243 2642 1259 2713 traducir perfectamente, nuestras parábolas.
240 2690 1254 2769 y apotegmas. La "Fuerza Cónscia” hoy
240 2747 1028 2833 es irresistible en nuestra América.
288 2785 1265 2869 Hostos—Contribuye tú desde tu Cuba-
234 2855 1261 2926 rica, a dar igual riqueza material a estos
235 2908 1264 2974 otros pueblos, para que, una vez que el pañ-
237 2962 1250 3028 del cuerpo no nos obligue a las obscenida-
243 3013 1269 3080 des del hambre, podamos insuflar el pan del
243 3068 1259 3138 alma a las gentes y hacerlas mirar y cami-
237 3124 1271 3205 nar hácia la Ley del Ideal, creando la Gran-
239 3189 814 3269 Potencia de la América.
1336 1961 2332 2029 Marti—Somos "Veinte Hermanas”, con
1291 2006 2320 2085 cuarenta manos, y doscientos dedos; pode-
1296 2062 2312 2126 mos—muy bien—trocarnos en centáuro y
1294 2112 2326 2191 pulpo uniendo todas nuestras potencias; de-
1294 2165 2330 2263 sunidos nó; solos... seremos un gusano de
1296 2227 1482 2305 seda...
1720 2255 2268 2361 PROF. AMIAMA GOMEZ.
1485 1762 2125 1847 PEDRO V. DURAN Y PEPEN
1321 1797 2292 1909 Alegre y simpático niñito que hace feliz el hogar
1560 1879 2038 1937 de sus amantes padres..
1610 2396 1999 2502 INVIERNO.
1430 2483 1958 2557 El invierno de las almás
1433 2537 2014 2603 es muy triste, pues sabrás
1432 2585 1987 2639 que cuando roba la calma
1440 2632 1904 2706 no se consigue jamás.
1435 2678 1999 2765 El Invierno—la estación—
1440 2727 2087 2831 en mi Patria no es muy triste.
1442 2798 1967 2853 y muy pronto se reviste
1437 2834 1925 2918 de bellezas la creación
1442 2884 2031 2965 Más del alma los inviernos,
1437 2935 2118 3008 ¡Qué horribles y tristes son!...
1445 3002 1949 3057 Sumerjen en el Averno.
1437 3043 1961 3128 nuestro propio corazón!
1618 3083 2157 3161 C. E. Maggiolo de Cruzado
1442 3147 1978 3216 San Cristóbal, Septiembre de 1923
