2479 3508
208 119 417 213 Página 9
1930 125 2191 225 Fémina
610 229 1782 343 Frases Cordiales
261 391 1156 477 San Pedro de Macorís, Octubre 9 de 1928.
172 469 931 555 Señorita Petronila Angélica Gómez.
971 509 1146 598 Ciudad.
180 585 491 671 Dilecta amiga.
204 656 1189 726 Usted acaba de sorprenderme dulcemente: su
179 720 1188 779 composición poética Funeraria, publicada en
179 764 605 822 Fémina, es una joya.
219 789 1186 856 Siga usted, suave e ilustrada amiga mía, cul-
181 846 1176 899 tivando el divino arte y la gaya ciencia de la Poe-
173 895 1188 950 sía, no ya con las esperanzas, sino con la certeza,
172 941 1188 999 de que si el buen Dios le conserva la vida, como
181 983 1140 1043 yo le ruego, será Usted muy prento laurcada.
224 1005 1186 1086 No sería yo del todo sincero si no le advirtiera,
180 1059 1181 1141 sinembargo, de los descuidos que se revelan en
181 1113 1181 1162 la última estrofa. Los asonantes dejan” y
210 1152 1181 1213 tierra", así arrimados, después de haber Usted
175 1197 1181 1247 distribuido tan bellamente los otros consonan¬
181 1242 1174 1297 tes de sus versos, la hacen a Usted responsable
179 1285 1178 1340 de una contravención a las reglas de la Armos
180 1331 1190 1397 nía; y también debo darle con un guante de seda.
179 1381 1179 1431 algunos golpecitos en sus dedos por haber es¬
179 1422 1181 1484 crito Usted páginas gigantes” puesto que
184 1464 1190 1521 Usted no ignora que páginas gigantescas es como
175 1518 1181 1574 se debe decir, y que la fuerza del ritmo no excu-
181 1557 1086 1608 saba el flageio a la Gramática y a la Lógica.
219 1590 1181 1652 Pero no llore usted por esta filípica mía: con
171 1627 1188 1701 excepción de Enrique Heuríquez, príncipe de la
184 1688 1183 1740 Lírica Dominicana, todos los poetas nacionales
177 1728 1185 1788 incurren en el defecto de incrustar asonantes al
181 1779 1188 1831 final de los hemistiquios préximos; y muchos
187 1826 1181 1870 poetas de ultramar, famosos, suelen cometer ese
184 1866 1190 1917 pecado. También he leído en alguno que otros
179 1911 1181 1963 escrito en prosa o en verso, de literatos célebres,
181 1958 1186 2006 el vocablo gigante" usado adjetivadamente
181 1998 1186 2049 Ambos lapsos son censurables, no obstante.
179 2040 1188 2094 Pero la belleza de todo lo demás que contiene su
184 2088 1185 2137 Funeraria es tan definitiva, que sólo yo, porque
177 2140 1181 2189 me he honrado en ser, a veces, merced a la bene
181 2175 1188 2227 volencia de Usted, su maestro, dlo que me da
179 2217 1179 2273 cierto perfil autoritario, aunque sea abusivo) y
187 2262 1181 2317 porque la quiero con cariño fraternal, seré quien
179 2310 1190 2372 se atreva a pouerle esa gota de acibar en la do-
181 2355 952 2419 rada copa de miel que Usted merece.
881 2387 1064 2474 B. S. D..
748 2454 1152 2540 QUITERIO BERROA.
287 2549 1181 2622 San Pedro de Macoris, Octubre 15 de 1923.
179 2610 748 2696 Ledo. Don Quiterio Berroa.
529 2679 708 2752 Ciudad.
179 2735 817 2822 Distinguido Maestro y amigo:
225 2790 1188 2872 Su confidencial y amable carta relativa a mi
175 2839 1180 2921 humilde composición en verso intitulada Funera-
181 2909 1181 2960 río, inserta en la anterior edición de Fémina, es
181 2954 1186 3004 un estímulo para mí que me impulsa a nuevos
181 3002 1186 3048 esfuerzos, empujes que yo sé agradecerle en su
175 3040 1186 3080 empeño por el triunfo de mi labor litevaria fren-
172 3082 1181 3150 te a la dirección de esta revista, obra a que con-
1223 386 1874 469 sagro todo mi amor y energías.
1276 433 2231 507 Yo siempre lo he considerado a Ud. de los de
1231 489 2239 560 primera fila por su cultura y caballerosidad, y al
1231 555 2239 612 acatar sus palabras alentadoras, hago aprecio
1230 598 2230 642 muy sincero de sus consejos y sabias adverten¬
1226 638 2225 708 cias como saludables lecciones a mi mejoramien-
1237 680 1518 737 to intelectivo.
1273 699 2230 780 De una cosa y otra le quedo muy agradecida,
1230 770 2230 823 en tanto, pongo en mis manos guantes, como los
1230 818 2224 878 suyos, de seda, para estrechar muy respetuosa:
1235 861 1906 932 mente las del caballero y amigo.
1554 908 2194 995 PETRONILA ANGELICA GÓMEZ.
1408 1051 2060 1156 Comité de Festejos del Día de la Haza.
1554 1127 2224 1223 Santo Domingo, Abril 3 de 1923.
1230 1197 1766 1293 Srta. Petronila A. Gómez,
1782 1260 2149 1350 S. P, de Macoris.
1230 1319 1435 1418 Señorita:
1273 1394 2230 1465 El Gomité de Festejos del Día de la Raza suele
1230 1449 2229 1511 incluir en el programa de los festivales conme¬
1230 1504 2239 1552 morativos del aniversario del descubrimiento de
1237 1541 2227 1604 América, la celebración de un concurso científi-
1230 1593 2229 1649 co literario. El verificado en Octubre de 1922,
1237 1628 2227 1685 llamado Juegos Florales Hispano-Dominicanos,
1231 1679 2230 1730 revistió inusitado esplendor, a pesar de estar
1231 1722 2224 1770 circunscrito a los hombres de letras y de cien¬
1231 1768 2227 1818 cia, de habla castellano, residentes en este país,
1237 1812 2224 1864 Del éxito alcanzado entonces se ha tomado pié
1240 1854 2236 1912 para dar cabida en el que ha de celebrarse en el
1237 1897 2227 1959 presente año, con el nombre de Concurso Clienti-
1237 1951 2229 2007 fico Literario Hispano Antillano, a los intelectua-
1237 1992 2224 2035 les de las tres Grandes Antillas de origen espa¬
1235 2031 2222 2097 ñol, esto es, a cubanos, puertorriqueños y domi-
1230 2082 1368 2145 canos.
1270 2113 2231 2178 El fin inmediato que se persigue es que el
1231 2158 2224 2212 Concurso de este año alcance más alta significa-
1230 2210 2224 2258 ción y más provechosos frutos merced a la va-
1237 2248 2232 2305 liosa contribución que aporte la cultura de Cuba
1230 2297 2229 2344 y Puerto Rico; pero a la clara inteligencia de
1237 2335 2215 2388 Ud, no permanecerá oculta la consecuencia efec-
1231 2386 2230 2432 tiva que tendrá este Concurso interantillano en
1235 2427 2230 2482 deseable acercamiento espiritual de los tres
1237 2477 1844 2544 pueblos en él representados.
1270 2495 2231 2560 Para el logro de su propósito, este Comité in-
1240 2555 2227 2610 vita a Ud., y por sudigna mediación, a todos los
1230 2603 2229 2669 intelectuales de habla castellano de este país,
1231 2646 2227 2696 con quienes no ha podido comunicarse directa-
1231 2692 2227 2753 mente, a enviar uno o más trapajos ajustados a
1231 2729 2006 2801 las bases y condiciones del Concurso.
1270 2762 2218 2830 En la espera de ser honrado con el valioso con
1230 2819 2229 2877 tingente de Ud., se complacen en testimoniarle
1231 2867 1889 2945 sincera y devota consideración,
1875 2916 2186 3004 VICENTEORTIZ
1923 2990 2160 3057 Presidente.
1273 3011 1603 3095 O. BAEZ SOLER
1233 3080 1759 3152 Sec. de Cerrespondencia.
