2479 3508
263 116 535 219 Femina
502 214 2141 415 Por el Mundo Social
2016 121 2259 217 Página 10
270 486 1242 562 La velada del 12 de Octubre—Fué un triunfo para la
229 551 1232 609 casa de España i para sus dignos organizadores,
233 596 1228 643 la velada del Concurso Científico-Literario His-
239 641 1234 699 pano Antillano, que én celebración del Dia de la
239 688 1234 756 Raza tuvo efecto en el teatro Colón, el día 12 de
235 723 788 805 Octubre, en Sto. Domingo.
276 754 1234 825 En el primer tema PARIA, obtuvo el primer,
241 819 1230 870 premio i medalla de oro el Sr Alejandro Fuenma
235 862 1234 917 yor, alto poeta i pedagogo venezolano, residente
235 905 913 958 hace varios años entre nosotros.
278 942 1236 1003 En los otros temas obtuvieron el primer pre-
235 991 1226 1044 mio los Sres, poetas portorriqueños Licio Romas
233 1034 1232 1095 noi Jesús Ma. Lago, iel Ledo. Virgilio Diaz Or-
233 1080 1152 1138 dóñez, dominicano, residente en esta ciudad.
278 1121 1226 1176 Obtuvieron además mención honorífica los lite.
235 1158 1236 1217 ratos Virgilio Diaz Ordónez, Pedro Ma. Rubirosa
227 1209 1228 1272 ¡Furey Pichardo, dominicanos, i José Limón de
233 1246 668 1313 Arce, portorriqueño.
280 1291 1240 1354 Felicitamos a estas distinguidas mentalidades
239 1336 1238 1395 que en gallarda lid superior conquistar un laurel?
239 1381 678 1446 más para sus sienes.
274 1420 1232 1489 No queremos terminar esta erónica sin ántes
233 1464 1228 1532 hacer mención de los Sres. Vicente Ortiz, Presi-
231 1520 1234 1567 dente el Comité de Festejos del Dia de la Raza,
227 1560 1240 1612 quien pronunció un hermoso discurso inaugural.
233 1601 1226 1652 El Dr. Fiallo Cabral, sabio vigoroso i múltiple.
233 1642 1234 1699 El ático Felix Ma. Nolasco, quien estuvo como
235 1697 1226 1748 siempre que ocupa la tribuna, brillante i concep-
231 1738 1221 1787 tuoso. J.Coll ¡Cuchi, elocuentísimio orador porto
235 1781 1228 1834 rriqueño de alto relieve, quien arrancó al público
233 1824 1230 1889 atronadores aplausos, i Federico Llaverias, rui-
239 1863 688 1918 dosamente aplaudido.
276 1897 1226 1959 Pémina felicita efusivamente a los distingui-
233 1944 1234 2008 dos literatos que de manera tan brillante ofren¬
233 1996 1221 2049 daron al público frutos del cerebro i del corazón.
233 2036 1228 2100 para conmemorar el día magno del descubri-
237 2079 692 2141 miento de la América.
233 2094 1232 2183 EX VOTO.—La bella composición poética asi titulada
243 2167 1234 2226 es de la pluma del exquisito irenombrado poeta
235 2216 1101 2281 amigo nuestro, el Ledo. Porfirio Herrera.
278 2257 1217 2316 Con gusto bacemos esta aclaración, ya que in
239 2304 1228 2355 voluntariamente aparece siu firma en nuestra é-
233 2341 570 2404 dición anterior.
280 2377 1234 2445 Hatlni—Exorna las páginas de esta edición de
237 2420 1232 2502 Fémina el hermoso trabajo del Sr. Joaquin Ma.
239 2478 1236 2551 Bobea intitulado Fiaé lua, escrito hace algunos
239 2522 972 2572 años, apropósito del 12 de Octubre.
280 2535 1228 2623 Los excursionistas porlorriqueños—Aunque tarde, cree-
241 2598 1234 2665 mos cumplir con un deber, no reseñando, pues-
245 2651 1230 2702 ya la prensa diaria lo ha hecho con lujo de deta¬
239 2690 1240 2751 lles, pero si significando la grata impresión que
239 2739 1240 2788 dejó en nuestro animo la visita que nos hicieron
239 2788 1238 2860 connotados señores portorriqueños, el dia á del
239 2821 535 2880 mes en curso.
284 2845 1226 2923 El Gobernador Militar de la vecina antilla, a
235 2911 1234 2966 compañado del Presidente de la Cámara de De¬
241 2955 1240 3017 legados Sr. Antonio R. Barceló i de distinguidos.
241 3002 1234 3056 representantes de la prensa, en amable excur¬
233 3047 1242 3103 sión, visitaron primero nuestra Capital en donde
241 3092 1238 3162 fueron recibidos con desbordantes muestras de
1272 496 2296 572 fraternidad i simpatía. Luego, pasaron a esta
1272 549 2286 607 ciudad. La Redacción de la revista Fémina, a-
1275 600 2284 650 acompañada de la Directora de la escuela Indus-
1272 643 2292 694 trial de señoritas, con flores a manos llenas, se
1272 682 2284 737 dirigió en comisión hacia la carretera Mella”a
1275 733 2288 786 lcn los excursionistas. Ya, a algunos
1279 776 2284 837 kilómetros de dicha carretera, nuestra comisión,
1281 821 2290 874 uniéndose a una parte de ellos, (a los periodistas)
1281 868 2284 911 regresó, tomándose el primer brindis de honor
1275 905 2206 964 en el hogar de nuestra Redactora de Canino.
1313 952 2296 1011 El Olub Unitario Portorriqueño se colocó a la
1272 987 2277 1050 altura de su deber. Allí se oyeron bellos dis-
1275 1038 2284 1091 cursos de cordialidad, simpatíai fraternidad,
1279 1080 2284 1138 pronunciados por algunos de los distinguidos
1275 1132 2288 1181 visitantes i por el Ledo. O. Berroa, en nombre
1272 1170 2277 1219 del Colegio de Abogados ¡el Sr. Antonio Herre-
1279 1213 2161 1270 ro, portorriqueño residente en la Romana.
1313 1232 2294 1305 Cuando nos dejaba oir su sonoroi atrayente
1281 1303 2281 1352 verbo el Sr. Antonio Barceló, Representante
1272 1346 2292 1393 genuino de Puerto Rico, fué interrumpido por la
1279 1391 2288 1448 florida oferta que a nombre de la revista Fémina.
1272 1434 2292 1485 1 de la Escuela Iudustral de Señoritas le hiciera,
1275 1473 2277 1530 la dulce i simpática Sta. Dulce Ma. Morales.
1281 1520 2290 1577 El orador, así interrumpido, con emocionantes
1279 1565 2288 1620 frases llenas de sonoridad ¡recíproco afecto, de-
1281 1609 2284 1663 mostró su simpatía i admiración hacia la mujer
1275 1648 2284 1703 dominicana i hacia la Antilla que estrechaba fra-
1272 1695 2212 1755 ternalmente a los hijos de Hostos i Betances.
1313 1732 2281 1783 Nota —El Presidente del Club Unitario Puerto-
1279 1783 2284 1836 rriqueño, Sr. Jaime Mendez, da las gracias a las
1285 1824 2294 1879 personas que contribuyeron a la simpática recep-
1272 1871 2284 1926 ción, mientras nosotras despedimes a los dis-
1281 1908 2281 1975 tinguidos visitantes con expresión de alta cordia-
1285 1959 1622 2014 lidad y simpatía.
1313 1973 2277 2059 Pedrito Duran iPepen—Alegra las páginas de esta e-
1281 2034 2281 2096 dición el grabado del simpático niñito Pedro Vic-
1275 2089 2284 2136 torianó Duran iPepen, vástago mimado de los
1272 2132 2288 2190 esposos Ledo. Pedro Durán Martí ¡Sra, Orfeli-
1272 2181 2292 2234 na Pepén, estimados amigos nuestros, residentes,
1275 2224 1804 2288 en el ingenio “Consuelo”.
1313 2226 2284 2316 Larga i dichosa vida le deseamos al tierno in-
1275 2302 1409 2369 fante.
1544 2404 2024 2508 CHARADA No. 14
1571 2486 2290 2578 A la Srta. Luz Richiez con mi respeluoso afecto.
1407 2539 1938 2625 Señor Juez de este distrito:
1362 2594 1959 2678 TERCLA CUARTA, mi vecina.
1358 2661 1857 2721 tiene una Topo ladina;
1364 2702 1871 2751 ¡Qué diablo de animalito!
1407 2745 1830 2810 Si usted PRIMA DOS
1358 2788 1785 2847 no le pone al animal,
1362 2829 1765 2890 seguido voy a gritar.
1364 2874 1885 2931 hasta que me escuche Dios.
1364 2917 1867 2970 ¡Habriase visto insolente!
1362 2960 1918 3039 ¿Por qué tiene una partera,
1364 3013 1836 3066 mi vecina que es soltera
1362 3049 1799 3123 y se jucta de inocente?
1938 3074 2196 3170 Sin J. ni U.
