2479 3508
1686 0 2419 81 Archivo General de la Nación
1870 40 2235 174 HEMEROTECA
192 204 418 318 AÑO 2
937 209 1605 393 FEMINA
1923 184 2155 325 NO. 30
822 2948 1520 3054 Srta. Estela Espaillat,
174 3004 2195 3090 “encantadora dama de Santiago, en cuya mirada ingenua, que realzan las mas hermosas lineas, se
161 3069 2187 3185 revela el misterio de un anhelo, de un enamorado trovador que ha de cantar a sus oídos las delicias
161 3130 806 3210 de un amor casto y sonriente".
