2479 3508
1495 38 2248 106 Archive General de la Nación
1519 125 2063 175 E
977 273 1618 342 ENINA
498 435 1904 500 REVISTA DE LITERATURA, CIENCIAS Y ARTES
788 486 1630 545 CONSAGRADA ALA MUJER.
847 617 1576 673 DIRECTORA ADMINISTRADORA:
743 665 1683 730 PETRONILA ANGELICA GOMEZ
1032 725 1382 781 Maestra Normal.
1041 856 1382 915 REDACTORES:
734 928 1683 993 MARIA L. ANGELIS DE CANINO.
307 973 2104 1040 PETRONILA A. GOMEZ, CONSUELO MONTALVO DE PRIAS.
206 1104 343 1157 Año 1
746 1107 1618 1166 San Pedro de Macoris, Diciembre 15 de 1922
2057 1116 2203 1175 I. 10
262 1295 2149 1366 EL MEDIO AMBIENTESOCIAE.
788 1525 1633 1587 PAGINA DE LA DIRECTORA.
382 1728 1185 1784 ECORDARAN nuestras cordiales
232 1755 367 1820 SR
400 1785 1173 1841 lectoras que en edición pasada
403 1835 1182 1891 hubimos de tratar acerca del
400 1889 1173 1945 tema cuyo título encabeza estas
238 1937 340 1993 E
409 1940 1179 1993 líneas, concluvendo por atrever¬
176 1967 268 2020 I
403 1997 1182 2050 nos a proponer á la mujer en
161 2044 1182 2103 en particular, reglas para la adaptación
164 2101 1176 2154 práctica de los sistemas de profilaxis y de
161 2149 1179 2208 curación social, considerándolos requisitos
164 2206 1176 2262 esenciales para evitar y curar ciertas en¬
164 2256 698 2315 fermedades del medio.
211 2310 1167 2369 No basta el hecho de vivir. El hombre.
158 2361 1167 2423 como los pueblos, necesita mejorar, pro¬
167 2421 1167 2474 gresar, ser útil; es decir, vivir la verda¬
155 2468 1164 2527 dera vida de ser racional; no la vida del
161 2522 1176 2578 animal que trabajando se conforma con el
155 2576 1170 2635 lecho y el poco de agna y de alimento que
158 2630 1173 2688 de proporcionan o q. á su paso le depara la
155 2683 432 2736 casualidad.
208 2734 1170 2793 Pero para que el hombre pueda progre¬
149 2788 1170 2847 sar, por la misma razón de que existe, nece¬
149 2839 1170 2897 sita tener independiente el cuerpo y el espi¬
158 2895 1170 2954 ritu, es decir, estar en capacidad natural
149 2946 1158 3011 de procurarse por su propia iniciativa y
161 3006 1164 3059 por sus propias fuerzas, el bienestar á que
149 3056 1167 3112 tiene derecho sin que ninguna fuerza
155 3110 1167 3163 extraña absorba, disminuya o anule sa
1194 1608 2188 1670 Para el Ledo. J. ORTEGA FRIER. Superintendente de Enseñanza.
1221 1737 2227 1793 capacidad de ser útil á los demás hombres.
1271 1785 2227 1844 Creemos, que el grave problema de adap¬
1221 1838 2227 1897 tación de profilaxis social consiste en la
1218 1892 2227 1948 resolución de un problema único; combatir
1218 1946 2227 2005 el egoismo; ese sentimiento innoble, origen
1218 2000 2239 2056 de tantas calamidades en gobiernos y fa¬
1218 2050 2236 2109 milias, que ha existido entre las viejas
1215 2107 2224 2160 sociedades, que existe entre las modernas
1228 2160 2230 2214 y que trasmitiéndose y fomentandose de
1218 2218 2230 2268 generación en generación, amenaza de
1218 2265 2218 2321 muerte la moral de las sociedades futuras.
1268 2319 2230 2375 Qué actividad individual o social no se
1218 2367 2224 2429 ha encontrado invadida por esa insana y
1212 2424 1639 2477 depresora pasión?
1274 2477 2224 2533 Esa injustificable flaqueza humana, es
1212 2531 2233 2584 aquella que en época remotas fomentó
1218 2582 2218 2641 batallas entre persas, babilonios, griegos y
1212 2636 2227 2688 romanos, por imponerse unos a otros sus
1218 2683 2230 2742 ideas y sus costumbres; y es la misma que
1206 2740 2230 2799 en épocas modernas y aun en nuestra
1224 2797 2233 2850 patria, hemos visto manchar nuestro suelo
1215 2847 2221 2903 con la sangre derramada entre sus hijos,
1224 2901 2227 2957 por arrebatarse unos á otros el mando y la¬
1209 2958 1767 3014 gloria á que aspiraban.
1259 3003 2218 3059 Mucho se ha escrito aproposito del egois¬
1215 3059 2218 3115 mo; y algunos escritores sostienen que
1206 3110 2224 3166 contra esa gran flaqueza humana la so¬
