2479 3508
220 95 498 148 Fémina
2048 83 2248 136 Página 2
173 193 1209 246 ciedad tiene poco que hacer para defen¬
179 253 334 303 derse.
238 301 1221 354 Creemos que tratándose de esa especie
173 352 1218 408 de egoismo colectivo, apesar de que se pre¬
179 408 1218 464 senta sin antifaz y por tanto fácilmente se
182 459 1215 518 deja conocer la sociedad mucho tiene que
185 516 1212 572 hacer para defenderse, pues no existiendo
179 573 1206 625 el principio de la equidad y de la justicia,
182 620 1209 676 el mas débil se sentirá arrollado por el mas
185 677 1206 733 fuerte, y este, por lo pronto tiene todas las
185 737 835 799 probabilidades de triunfar.
247 784 1209 837 Y si nos referimos á esa otra especie de
188 841 1212 894 egoismo que existe en el elemento social,
185 892 1209 945 mucho también tiene que hacer la sociedad
188 946 1209 1008 para defenderse, pues el individuo se nos
191 999 1203 1058 presenta casi siempre con su cara de bon¬
182 1059 379 1109 dadoso.
241 1110 1212 1163 El egoismo en esta forma, es decir, con
182 1161 1206 1214 antifaz, ataca el derecho y el mérito extra¬
191 1214 1212 1270 ño; se ríe de la cada y sufre con el bien
179 1268 1212 1321 de los demás hombres, y no mirando más
182 1325 1209 1375 que lo que conviene su propio ser va
188 1376 1209 1435 propagándose poderosamente en el campo
182 1429 1206 1482 de los que laboran por el bien, y cuantas
188 1480 1212 1539 veces no ha llegado hasta causar la des¬
185 1537 889 1593 ventura de toda una familia!
232 1588 1209 1650 Cómo combatir pues, esta destructora
179 1644 635 1700 enfermedad social?
235 1698 1212 1754 Consideremos que hay que atacar el mal
185 1755 444 1808 en su raiz.
1307 181 2280 243 Toca á la madre en el hogar, cuando
1253 241 2289 297 brote de manera casi natural, surgiendo de
1253 292 2283 351 la discordia por los juguetes y los dulces.
1253 349 2286 405 entre sus hijos; toca á la maestra en aula,
1253 402 2283 458 cuando observe que su discípulo siente el
1253 453 2286 512 dolor de que su cempañero haya ganado
1256 510 2292 566 el justo premio á su labor o á su conducta.
1307 575 2289 634 Toca pues á nosotras ora de un modo
1313 626 2283 687 áctico, ya con la sana prédica, cortar el
1253 683 2289 742 mal en su raiz que ya llegará el día en que
1253 731 2289 793 trasmitiéndose de generación en genera¬
1256 779 2391 846 ción, un noble contrario sentir buscará
1259 838 2280 903 albergue en nuestros pechos y la revindi¬
1256 895 2421 957 ción irá en progreso; de las sociedades mo- A
1253 946 2289 1008 dernas á las sociedades futuras: del indivi¬
1259 1005 2292 1061 duo á la colectividad y se habrá desterrado
1256 1050 2289 1118 esa injustificable e insana pasión, que de¬
1262 1113 2283 1175 prime también la propia personalidad del
1262 1173 1462 1229 hombre.
1313 1235 2277 1291 Este entonces, sintiéndose verdadera¬
1256 1286 2286 1345 mente independiente, será un verdadero
1259 1340 2289 1399 ser racional; y los elementos sociales soli¬
1253 1397 2277 1455 dariamente respetados, serán felices, por¬
1256 1453 2286 1512 que habrán formado pueblos moralmente
1256 1507 2286 1563 civilizados y unidos por los vínculos de la
1247 1561 2286 1617 fraternidad humana que ha sido el ideal
1253 1614 2289 1670 más alto de la regeneradora civilización
1256 1674 1489 1724 cristiana.
1970 1752 2182 1802 P. A. G.
998 1867 1094 1919 E
459 2020 928 2073 Un Poeta,
1546 2020 1997 2073 La Zambra.
244 2131 1071 2184 Hermano poeta; tu alma y la mía
188 2182 1116 2241 se nutren de vanas, pueriles quimeras,
188 2232 961 2291 y en las locas alas de la fantasía
194 2295 1089 2351 nuestras ilusiones se marchan lijeras.
238 2400 1059 2456 De la vida amamos la melancolía,
191 2459 1137 2512 y son las tristezas nuestras compañeras.
179 2507 2089 2566 nunca en nuestras almas triunfó la alegría, entre la blusilla calada de encaje,
188 2561 1080 2617 ni gozamos nunca dichas verdaderas.
238 2671 1218 2727 Amor, Cuantas veces mi alma soñadora
188 2719 1116 2778 siguiendo el encanto de alguna silueta
185 2773 1059 2832 se vió mal herida por mano traidora
232 2880 1143 2945 o por los desvíos de alguna coqueta.
188 2934 1024 2996 Así no te extrañe si mi lira llora,
191 2997 1161 3050 que el Amor es triste, muy triste, poeta.
1304 2131 2143 2187 La zambra gitana tiene la salvaje,
1253 2185 2045 2238 la loca alegría de los primitivos:
1262 2235 2191 2297 vedlos, como saltan, revuelto el pelaje,
1259 2289 2212 2348 vibrantes los cuerpos en gestos lascivos.
1316 2394 2173 2459 Ved aquella moza de bermejo traje,
1259 2453 2289 2512 ved, cual se extremecen sus senos cantivos
1256 2567 2179 2620 al compás gracioso de sus pies activos,
1316 2671 2230 2730 Vedla; ya se acerca con paso garboso,
1253 2725 2239 2781 sus mejores galas son sus quince abriles.
1265 2779 2131 2832 En tanto que sirven el vino sabroso
1313 2892 2215 2948 y cesa el estruendo de los tamboriles,
1256 2940 2113 2996 entona una copla, un viejo gangoso
1262 2997 2057 3050 que llora sus idos años juveniles.
800 3101 1161 3157 León BRAVO.
1868 3110 2227 3160 León BRAVO.
