2479 3508
262 116 462 169 Página 3
1964 122 2233 172 Fémina
719 426 1913 488 PRIMAVERA
274 611 1227 670 Cómo se alboroza el alma al escuchar los
220 668 1238 721 sonoros acordes del concierto de la vida, en
220 722 1227 775 la jóven primayera, hermosa! Llega, llega
226 776 1221 829 en buen hora; con tus ricas galas de amor
220 829 907 888 y luz, decoras el mundo todo.
280 880 1221 933 En el espeso monte, qué perfumado am¬
223 931 1218 987 biente; en la aurora, qué derroche de múl¬
223 985 1227 1040 tiples colores ¡Oh! la primavera de la vida!
223 1041 776 1094 la hermosura, el amor
274 1092 1224 1142 Mas ay que hay en las almas honda
223 1143 1227 1196 tristeza; aun resuena el eco atronador de
220 1193 1227 1249 mortíferas armas, y vibra la nota aguda
214 1244 1230 1297 del dolor que rompe y extingue los estre¬
226 1301 1003 1354 chos vínculos del fraternal amor.
612 1352 1230 1402 Quisque y a la de
220 1402 1227 1461 mis grandes ideales, como vaces sumida
223 1456 1230 1509 en profundo letargo! ¡por qué aba¬
223 1507 1224 1560 tida la frente inclinas! isacude el polvo del
223 1561 1227 1620 pasado; vérguete altiva, ungiéndote de
220 1614 1227 1667 nuevo con el óleo sacrosanto del deber.
226 1668 1230 1718 Noble, poderosa y grande, en el concierto
220 1716 1227 1769 de las grandes naciones, rica jova del Cari¬
223 1770 1221 1826 be mar así te quiero ver Incline el hombre
223 1823 1227 1876 la razón y la conciencia para elevar su
214 1877 1230 1930 nombre. Dignifíquese con la honrada
1274 620 2271 673 labor, con el sudoroso trabajo material que
1271 668 2274 727 es movimiento y es armonía, vida y rique¬
1274 728 2271 781 za, con el esfuerzo de la noble palabia
1265 776 2274 829 educadora, con el verbo del patriotismo
1277 826 2263 882 puesto en acción, con las voluntades entre¬
1271 883 2271 939 lazadas formando conjunto, donde imperen:
1271 934 1609 984 amor y únión.
1322 987 2271 1040 Desarrollándose en el espíritu de todo
1274 1035 2269 1091 buen ciudadano el interés por la santa¬
1277 1089 2269 1145 causa; fomentándose en cada esfera de
1268 1146 2269 1196 acción el trabajo edificante desde el hu¬
1271 1193 2271 1246 milde hogar hasta en las aulas de ese
1277 1250 2280 1300 hogar bendito, habremos contribuido todos
1274 1292 2271 1354 y cada uno á la formación de concien¬
1271 1352 2271 1408 cias rectas y razones fuertes, á dar á la
1277 1408 2263 1461 patria, ciudadano libres; á la familia, hom¬
1271 1456 1591 1509 bres de bien.
1328 1510 2271 1566 En momentos de recogimiento del alma,
1268 1564 2271 1617 de hondas reflexiones, cierra su corola la
1271 1611 2277 1664 hermosa flor de la esperanza, y desfallece
1271 1668 1752 1718 la fe en el porvenir.
1686 1773 2218 1826 Ana Josefa PUELLO.
435 2056 2060 2115 EN MEDIO DE LAS OLAS...
223 2238 1227 2297 CON el propósito de más tarde, cuando
214 2283 1230 2348 las débiles alas pudieran levantar más
220 2349 1230 2405 alto el vuelo hacia las regiones color rosa
217 2403 1227 2456 de la poesía, quise esconder mi nombre bajo
214 2456 1212 2509 un pseudónimo y escribir, escribir e ir pu¬
214 2513 1224 2566 liendo cada vez más los suspiros de mi alma,
223 2561 1227 2614 hasta que yo juzgara que en ellos algo
214 2612 1227 2668 había que pudiese cautivar á las almas ro¬
214 2665 737 2718 mánticas y soñadoras.
265 2719 1224 2772 Pero he aquí que la Señorita Directora
208 2773 1224 2823 de esta Revista, tal vez con los más puros
214 2821 1227 2877 sentimientos, me ha dejado en descubierto
217 2877 1227 2930 y de lleno, en medio del piélago insondable
211 2931 1227 2981 de la crítica, sin una barca ni un remo sal¬
1265 2244 2271 2300 vador porque al pié de mis escritos no falta
1262 2295 1970 2354 el nombre de la autora.....
1304 2352 2266 2408 ¡Que hacer. Bien lo dije en mi primera
1274 2403 2263 2462 presentación en esta; se que les falta¬
1265 2456 2271 2509 luz, alma y colorido á mis cantares; pero
1274 2504 2271 2560 ya que ella, la Señorita Gómez, con o sin
1265 2561 2271 2614 intención alguna, me ha dejado sin el
1271 2612 2271 2665 antifaz en medio de vosotros, no me queda
1265 2665 2271 2718 sino pedir de nuevo, un caudal de piedad
1274 2725 1842 2778 para mis rimas
1519 2827 2218 2877 Enriqueta M. de CRUZADO.
1322 2925 2191 2984 San Cristóbal Noviembre 21 de 1922.
