2479 3508
211 116 414 166 Página
776 331 1683 381 LA RIBERA ESTA SOLA
800 534 1379 590 La ribera está sola....
752 587 1585 640 algo que emerge de tu ser palpita
749 638 1612 691 en este ambiente azul donde la ola
755 695 1576 751 te esperaba también para la cita;
797 746 1307 799 por eso, al no verte,
749 799 1325 849 rasa el menudo encaje
752 847 1603 906 que velaba sus formas, y convierte
746 898 1606 960 en montañas de espuma su coraje,
809 1029 1659 1082 La ribera está sola, no has venido
755 1080 1570 1133 y sin embargo, el ala de la brisa
752 1137 1465 1190 acude a recoger todo sonido.
746 1188 1662 1243 con la yaga ilusión de que es tu risa.
806 1313 1331 1366 Para esperarte viene
755 1364 1304 1417 de los bosques leianos
755 1414 1615 1470 una troya de amor, La tarde tiene
761 1468 1265 1521 suave calor de nidos
749 1531 1674 1587 para envolver y calentar tus manos.
806 1647 1265 1703 Dime si las ligeras
755 1704 1707 1757 sombras con que cercará tu quebranto
752 1758 1492 1814 la tenne palidez de tus ojeras,
752 1806 1271 1862 velan aun el encanto
752 1865 1561 1918 fascinador de tus pupilas claras:
761 1919 1152 1969 dime si todavía
752 1967 1334 2023 te consume la angustia
752 2020 1537 2076 de ver morir la claridad del día
752 2074 1382 2130 como una flor ya mustia,
764 2128 1627 2178 sin que puedas venir al sitio ameno
752 2182 1606 2241 donde para rendirte un homenaje,
764 2235 1206 2288 acercase á la peña
761 2289 1543 2342 tremolando su espuma el oleaje
755 2346 1379 2399 como una blanca enseña.
821 2465 1355 2521 Angustiada, sin verte
752 2522 1671 2572 torno á mi soledad, con un reproche
767 2573 1292 2632 para la injusta suerte
758 2630 1615 2680 que, marchitando rosas de ilusión,
758 2680 1528 2733 asi permite descender la noche
761 2737 1286 2796 sobre mi corazón....
806 2955 952 3008 1915.
1200 2868 1677 2921 EMILIO A. MOREL.
1946 116 2221 172 Fémina
