2479 3508
179 86 441 139 Fémina
791 226 955 285 N
1489 259 1898 318 SIM
232 283 1068 339 LABRTAD
1403 355 2188 408 Para el Poeta PORFIRIO HERRERA.
256 477 1050 530 Libertad, libertad. No eres aquella
214 522 895 578 virgen de blanca túnica ceñida,
214 573 1074 623 que ví en mis sueños pudibunda y bella.
256 665 985 718 No eres, no la deidad esclarecida
217 716 1095 766 que alumbra con suluz, como una estrella
220 758 886 811 los lobregos abismos de la vida
265 856 1027 912 No eres la fuente de perenne gloria
214 904 904 957 que dignifica el corazón humano
220 952 964 1008 y engrandece esta vida transitoria.
265 1050 1092 1100 No el angel vengador que con su mano
214 1095 961 1148 imprime en las espaldas del tirano
211 1140 949 1193 el hierro enrojecido de la historia.
256 1238 1000 1288 No eres la vaga aparición que sigo
217 1286 1059 1339 con hondo afán desde mi edad primera,
217 1331 1044 1381 sin alcanzarla nunca. Mas qué digo¬
262 1426 1027 1488 No eres la libertad, disfraces fuera,
208 1474 901 1527 licencia desgreñada, vil ramera
220 1522 949 1575 del motin te conozco y te maldigo!
635 1608 1003 1664 G. Núñez de Arce.
1247 468 2048 521 Ligera y suave como bruma leve
1200 525 2057 578 Sobre el follaje de la selva umbría,
1197 575 1949 628 Se fué borrando de mi fantasía
1197 635 2128 685 La dulce imagen de mi ensueño breve.
1241 767 2185 817 Como una sombra que al azar se mueve
1194 820 1997 876 Perenne cruza por la mente mía,
1188 877 2036 927 Escueta imagen de crueldad impía
1194 931 2027 984 Rememorando su existencia aleve.
1250 1065 2182 1121 Como esa imagen fragil cual la bruma
1188 1125 2074 1175 Es la ventura de inconstancia suma,
1194 1176 2116 1232 Mas la otra imagen de pausado vuelo.
1253 1310 2080 1366 Es mi destino que forjó el anhelo
1191 1367 2080 1420 De estar conmigo tan cabal y atento
1197 1423 2131 1476 Como un hermano de mi pensamiento!
1197 1522 2095 1575 Macorís, de Oriente. Septiembre 15, 1922.
1564 1611 2089 1667 JOSE E. FERNANDEZ.
806 1895 1391 1960 acado Pede
349 1898 710 1957 A
776 1949 1379 2017 espeno Se¬
1101 1997 1439 2065 A
582 3077 1784 3135 Puente sobre el dí Jacagua, en la Carretera Duarte
