2479 3508
244 113 444 172 Página
1991 131 2257 181 Fémina
343 283 426 346 A
523 285 609 339 A
336 318 1140 375 America de Mloya.
1979 292 2143 348 A
1268 322 2298 384 Escuela de la Inancia
623 432 818 482 Inéditos.
1698 438 1889 491 Inéditos.
247 561 1071 614 Rumor de castañuelas se esparcía
203 611 1194 670 sobre el Parque Colón mientras pasabas,
208 671 973 727 y cual estela de primor dejabas
208 716 958 778 un efluvio eternal de simpatía.
259 823 1104 882 Cuantas miradas tras de tí volaron
203 877 1107 936 cual vuelan tras la luz las mariposas!
211 931 1107 987 Cuantos labios quizás te proclamaron
203 987 1071 1040 la reina más gentil de las hermosas:
253 1095 1071 1148 Ay sinembargo cuantos corazones
197 1146 1021 1202 callaron con temor sus emociones,
206 1202 1107 1258 mientras llena de orgullo y gallardía,
256 1307 1018 1363 dejabas tras de tí con donosura,
203 1358 1021 1414 el garbo de tu plástica hermosura
214 1414 1050 1473 y un efluvio eternal de simpatía.
1337 564 2149 620 Oh lejana escuelita de la infancia
1274 620 2173 676 grabada llevo en mi alma su memoria,
1283 671 2158 730 y ella es cual rosa de sútil fragancia
1274 719 2110 781 en el jardín tedioso de mi historia.
1328 829 2230 885 Dulce añoranza entre mi pecho vierte
1274 883 2206 942 al recordar los tiempos que se han ido.
1274 937 2149 990 mientras el alma con temor advierte
1271 993 2242 1049 que el tiempo que se fué va está perdido.
1325 1092 2140 1154 Oh lejana escuelita de la infancia
1274 1158 2095 1208 jamás se apagará dentro del alma.
1265 1202 2134 1264 de la flor del recuerdo la fragancia;
1328 1307 2233 1369 y aunque todo en la vida ya se olvida
1271 1364 2191 1423 recordaré por siempre en dulce calma
1265 1417 2110 1479 la imagen más dichosa de mi vida.
782 1925 1659 1981 El Sol que nace tras el verde monte
728 1976 1546 2038 dispara el dardo de su luz divina,
734 2029 1462 2085 tiñendo de rosado el horizonte
737 2083 1456 2142 de la vieja ciudad capitolina.
785 2194 1525 2250 Mezclado en el de la campana
734 2247 1609 2306 que entona el misterioso Ave María,
734 2298 1489 2354 el ruido peculiar de la mañana
740 2352 1588 2408 anuncia con amor que nace el día.
773 2456 1677 2515 Cual bandada de alegres golondrinas
722 2510 1603 2566 del puerto salen las barcas marinos
743 2567 1412 2623 y chilla la sirena de vapor
782 2677 1686 2730 mientra el clarín del invasor resuena
728 2731 1558 2787 como el eco fatal de una condena,
731 2782 1656 2844 cual la burla macabra del Dolor
734 2883 850 2939 1909
916 2964 1713 3029 José Ernesto GARCIA AYBAR.
734 3059 1134 3112 Santo Domingo.
1262 1638 1364 1697 E
1047 1659 1125 1715 A
1194 1659 1313 1718 NI
985 1686 1507 1745 AMANECER.
1155 1797 1334 1847 Inéditos.
