2479 3508
155 125 438 178 Fémina
609 244 1773 300 O DE ALIENTS.
128 501 785 554 Petronila Angélica Gómez,
615 575 1158 628 San Pedro de Macorís.
188 659 1164 712 He tenido el gusto de recibir y leer su
125 716 1161 769 amena revista "Femina. Gracias por su
134 770 394 823 distinción.
185 820 1170 873 He sentido una gran satisfacción en ver
131 874 1158 927 que una mujer con el afán de perfección.
125 925 1164 981 tienda á un ideal excelso: cultivar el inte¬
131 979 1161 1035 lecto por medio de una revista en la cual
137 1035 1167 1085 colabore la pluma femenina. Ese deseo de
131 1086 1167 1142 sobresalir, de sacar á la mujer intelectual
134 1140 1158 1196 dominicana de ese letargo en que se en¬
134 1196 1167 1252 cuentra, es lo que mas me hace aplaudir
131 1247 659 1306 su edificante empeño.
188 1304 1164 1357 Casi siempre, en torno de los espíritus
131 1361 1164 1414 superiores los que sienten la poesía de la
140 1411 1173 1464 vida-giran espíritus mediocres, queriendo
131 1465 1170 1521 evitar su paso; ellos mueren con su veneno
1203 438 1668 488 fatal; el desprecio.
1265 477 2242 542 Quién no cultiva su mente, vive una vi¬
1209 534 2245 596 da que no es vivir, es la misma de Sancho
1212 587 2233 646 Panza, prototipo del apetito. Ese con¬
1209 647 2242 706 flicto de espíritus que existe entre Don
1221 701 2236 763 Quijoten y Sancho; entre señor y lacavo;
1206 755 2242 811 entre intelectual y mediocres, en el que
1215 802 2242 867 usted encontrará á su paso; pero su admi¬
1206 859 2239 921 rable é indiscutible constancia, sabrán
1215 925 1427 978 vencerlo.
1253 976 2239 1029 Forjando ideales, acariciando ensueños,
1206 1029 2236 1082 á manera del Caballero de la triste Figura,
1206 1077 2239 1139 alcanzará usted en no lejano día el fruto
1206 1143 1486 1193 de su obra.
1265 1182 2245 1246 Aprovecho la oportunidad para enviarle
1215 1247 2236 1300 varios trabajos de escritoras nacionales y
1206 1292 2242 1354 crea que haré todo lo que le sea dable por
1206 1358 2239 1414 el progreso de su revista, su aftm S. S. y
1206 1417 1379 1467 amigo.
194 2092 1167 2148 Salté á la nave, desplegné la blanca vela
137 2146 1170 2199 al viento, y nos deslizamos en el tranquilo
137 2203 1170 2256 río q nos lleva al ancho océano de la vida.
197 2256 1173 2309 Las flores de la orilla besaban la corrien¬
137 2307 1176 2360 te y embalsamaban la brisa, y el lánguido
140 2361 1149 2417 resplandor de la luna jugaba con las nie¬
143 2418 1098 2471 blas azules que se alzaban de las aguas.
203 2468 1173 2521 Yo recliné, tranquilo, la cabeza en el ti¬
140 2528 901 2581 bio regazo de mi lindo timonel.
197 2579 1176 2632 El timonel era la niña de mi amor, pura
188 2636 1083 2686 luminosa como un rayo de la aurora.
206 2689 1167 2742 Y me quedé así dormido en el seno de la
140 2743 298 2799 dicha.
615 2824 686 2874 II
1212 1979 2245 2035 mó la onda; se cubrió de espumas el océa¬
1215 2035 2245 2085 no; desatóse, desecho, el vendabal, y abrí
1215 2095 1406 2145 los ojos.
1265 2146 2239 2199 Pero.... ¡dónde estoy! ¡Lidial grité....
1268 2200 2248 2250 El timonel no era ya Lidia, la niña de
1218 2253 2248 2309 mi amor, pura y luminosa como un rayo de
1206 2310 1480 2363 la aurora.
1265 2355 2251 2414 El timonel era una figura sombría y te¬
1221 2415 2254 2468 rrible, sin luz en los ojos, con luto en la
1212 2471 1304 2524 faz.
1265 2519 2257 2575 Pensé huir. Aquella fría mirada me he¬
1674 2579 2254 2632 Mas lay! que estaba en
1215 2582 1642 2635 laba el corazón.
1224 2638 1665 2691 plena inmensidad.
1319 2689 2248 2742 Quién erres?—exclamé al fin, lleno de
1215 2743 1444 2799 angustia.
1328 2797 1585 2847 respondió
835 1791 1534 1844 INTIMAS.
191 2907 1173 2960 Empero amanecció; nublóse el cielo; bra¬
1325 2850 1642 2906 Soy el dolor,
1701 2907 2194 2957 EUGENIO DESCHAMPS.
1600 1465 2194 1515 Ledo. E. HERNANDEZ LL.
