<?xml version="1.0" encoding="UTF-8" standalone="yes"?>
<PcGts xmlns="http://schema.primaresearch.org/PAGE/gts/pagecontent/2013-07-15" xmlns:xsi="http://www.w3.org/2001/XMLSchema-instance" xsi:schemaLocation="http://schema.primaresearch.org/PAGE/gts/pagecontent/2013-07-15 http://schema.primaresearch.org/PAGE/gts/pagecontent/2013-07-15/pagecontent.xsd">
    <Metadata>
        <Creator>prov=READ-COOP:name=PyLaia@TranskribusPlatform:version=2.33.0:model_id=419461:lm=provided:date=28_10_2025_17:41</Creator>
        <Created>2025-10-28T15:50:50.179802</Created>
        <LastChange>2025-10-28T17:41:30.392+01:00</LastChange>
        <TranskribusMetadata docId="11368964" pageId="104387265" pageNr="10" tsid="259174280" status="IN_PROGRESS" userId="30120" imgUrl="https://files.transkribus.eu/Get?fileType=view&amp;id=RDBQTXYPJUPMXSANIZCTQWPG" xmlUrl="https://files.transkribus.eu/Get?id=NWIIEJFVPOSTFZFKAVYYANBT" imageId="87597023">
            <PageLabel labelId="111" color="#00FA9A">Text Done</PageLabel>
        </TranskribusMetadata>
    </Metadata>
    <Page imageFilename="0010_p010.jpg" imageWidth="2479" imageHeight="3508">
        <ReadingOrder>
            <OrderedGroup id="ro_1781166457960" caption="Regions reading order">
                <RegionRefIndexed index="0" regionRef="tr_1761663065"/>
                <RegionRefIndexed index="1" regionRef="tr_1761663063"/>
                <RegionRefIndexed index="2" regionRef="tr_1761663058"/>
                <RegionRefIndexed index="3" regionRef="tr_1761663064"/>
                <RegionRefIndexed index="4" regionRef="tr_1761663060"/>
                <RegionRefIndexed index="5" regionRef="tr_1761663061"/>
                <RegionRefIndexed index="6" regionRef="tr_1761663062"/>
                <RegionRefIndexed index="7" regionRef="tr_1761663059"/>
                <RegionRefIndexed index="8" regionRef="tr_1761663066"/>
            </OrderedGroup>
        </ReadingOrder>
        <TextRegion id="tr_1761663065" custom="readingOrder {index:0;}">
            <Coords points="64,54 1004,54 1004,171 64,171"/>
            <TextLine id="tr_1761663065_tl_1" custom="readingOrder {index:0;}">
                <Coords points="176,80 444,83 444,133 176,130"/>
                <Baseline points="176,125 220,125 265,128 310,128 355,131 400,131 444,128"/>
                <TextEquiv>
                    <Unicode>Fémina</Unicode>
                </TextEquiv>
            </TextLine>
            <TextEquiv>
                <Unicode></Unicode>
            </TextEquiv>
        </TextRegion>
        <TextRegion id="tr_1761663063" custom="readingOrder {index:1;}">
            <Coords points="1433,68 2330,68 2330,185 1433,185"/>
            <TextLine id="tr_1761663063_tl_1" custom="readingOrder {index:0;}">
                <Coords points="2009,80 2233,74 2233,124 2009,130"/>
                <Baseline points="2009,125 2054,125 2098,125 2143,125 2188,125 2233,119"/>
                <TextEquiv>
                    <Unicode>Página 10</Unicode>
                </TextEquiv>
            </TextLine>
            <TextEquiv>
                <Unicode></Unicode>
            </TextEquiv>
        </TextRegion>
        <TextRegion id="tr_1761663058" custom="readingOrder {index:2;}">
            <Coords points="179,181 2188,181 2188,358 179,358"/>
            <TextLine id="tr_1761663058_tl_1" custom="readingOrder {index:0;}">
                <Coords points="472,281 2048,292 2048,342 472,331"/>
                <Baseline points="472,326 519,331 564,331 609,328 653,331 698,331 743,331 788,334 832,340 877,340 922,337 967,340 1012,337 1056,337 1065,334 1065,334 1110,334 1155,331 1200,331 1244,331 1289,331 1334,331 1379,328 1424,328 1468,328 1513,331 1558,331 1603,331 1648,334 1692,334 1737,334 1782,334 1827,334 1871,334 1916,334 1961,334 2006,337 2048,337"/>
                <TextEquiv>
                    <Unicode>de un de</Unicode>
                </TextEquiv>
            </TextLine>
            <TextEquiv>
                <Unicode></Unicode>
            </TextEquiv>
        </TextRegion>
        <TextRegion id="tr_1761663064" custom="readingOrder {index:3;}">
            <Coords points="77,533 1219,533 1219,1028 77,1028"/>
            <TextLine id="tr_1761663064_tl_1" custom="readingOrder {index:0;}">
                <Coords points="185,549 1182,552 1182,602 185,599"/>
                <Baseline points="185,594 229,597 274,600 319,597 364,600 409,600 453,600 498,600 543,597 588,597 632,600 677,600 722,600 767,600 812,597 856,600 901,600 946,600 991,597 1035,597 1080,600 1125,597 1170,597 1182,597"/>
                <TextEquiv>
                    <Unicode>Homenage al talento. FEMINA se complace en pu¬</Unicode>
                </TextEquiv>
            </TextLine>
            <TextLine id="tr_1761663064_tl_2" custom="readingOrder {index:1;}">
                <Coords points="137,596 1164,593 1164,643 1119,646 137,646"/>
                <Baseline points="137,641 179,641 223,641 268,641 313,641 358,641 403,644 447,644 492,641 537,641 582,641 626,641 671,641 716,638 761,641 806,641 850,641 895,641 940,641 985,641 1030,638 1074,641 1119,641 1164,638"/>
                <TextEquiv>
                    <Unicode>blicar el retrato de la señorita Mercedes A. Hen¬</Unicode>
                </TextEquiv>
            </TextLine>
            <TextLine id="tr_1761663064_tl_3" custom="readingOrder {index:2;}">
                <Coords points="137,638 1182,644 1182,694 137,688"/>
                <Baseline points="137,683 182,683 226,686 271,686 316,686 361,686 406,686 450,686 495,686 540,683 585,686 629,689 674,686 719,686 764,686 809,686 853,686 898,689 943,689 988,689 1032,689 1077,686 1122,689 1167,689 1182,689"/>
                <TextEquiv>
                    <Unicode>renu Bien merere dicha señorita esa distinción</Unicode>
                </TextEquiv>
            </TextLine>
            <TextLine id="tr_1761663064_tl_4" custom="readingOrder {index:3;}">
                <Coords points="137,683 1185,689 1185,739 137,733"/>
                <Baseline points="137,728 182,731 226,731 271,734 316,731 361,731 406,734 450,734 495,734 540,734 585,734 629,734 674,734 719,734 764,734 809,737 853,737 898,737 943,734 988,734 1032,734 1077,734 1122,734 1167,734 1185,734"/>
                <TextEquiv>
                    <Unicode>de nuestra parte, por la constante dedicación</Unicode>
                </TextEquiv>
            </TextLine>
            <TextLine id="tr_1761663064_tl_5" custom="readingOrder {index:4;}">
                <Coords points="143,731 1185,737 1185,787 143,781"/>
                <Baseline points="143,776 188,779 232,776 277,779 322,779 367,779 412,779 456,779 501,779 546,779 591,779 635,779 680,779 725,779 770,782 815,782 859,782 904,782 949,782 994,782 1038,782 1083,779 1128,779 1173,782 1185,782"/>
                <TextEquiv>
                    <Unicode>laboriosa con que obtuvo su Grado de Doctora en</Unicode>
                </TextEquiv>
            </TextLine>
            <TextLine id="tr_1761663064_tl_6" custom="readingOrder {index:5;}">
                <Coords points="149,779 1185,781 1179,834 149,829"/>
                <Baseline points="149,824 194,824 238,821 283,824 328,824 373,824 417,824 462,824 507,826 552,826 597,826 641,826 686,824 731,824 776,826 821,826 865,829 910,829 955,826 1000,826 1044,826 1089,829 1134,826 1179,829 1185,826"/>
                <TextEquiv>
                    <Unicode>Medicina, constituyéndose inmediatamente a</Unicode>
                </TextEquiv>
            </TextLine>
            <TextLine id="tr_1761663064_tl_7" custom="readingOrder {index:6;}">
                <Coords points="143,823 1074,826 1074,876 143,873"/>
                <Baseline points="143,868 188,868 232,868 277,868 322,871 367,868 412,871 456,871 501,871 546,871 591,871 635,871 680,871 725,874 770,871 815,871 859,871 904,871 949,871 994,871 1038,871 1074,871"/>
                <TextEquiv>
                    <Unicode>un servicio que llena fines tan beneficiosos!</Unicode>
                </TextEquiv>
            </TextLine>
            <TextLine id="tr_1761663064_tl_8" custom="readingOrder {index:7;}">
                <Coords points="179,868 1179,874 1179,924 179,918"/>
                <Baseline points="179,913 223,913 268,916 313,916 358,916 403,916 447,916 492,916 537,916 582,919 626,919 671,919 716,916 761,916 806,916 850,919 895,919 940,919 985,919 1030,916 1074,919 1119,919 1164,919 1179,919"/>
                <TextEquiv>
                    <Unicode>La consideramos una de las verdaderas glorias</Unicode>
                </TextEquiv>
            </TextLine>
            <TextLine id="tr_1761663064_tl_9" custom="readingOrder {index:8;}">
                <Coords points="140,919 429,919 429,969 140,969"/>
                <Baseline points="140,964 185,961 229,961 274,961 319,961 364,961 409,964 429,964"/>
                <TextEquiv>
                    <Unicode>dominicanas.</Unicode>
                </TextEquiv>
            </TextLine>
            <TextEquiv>
                <Unicode></Unicode>
            </TextEquiv>
        </TextRegion>
        <TextRegion id="tr_1761663060" custom="readingOrder {index:4;}">
            <Coords points="101,1000 1177,1000 1177,2535 101,2535"/>
            <TextLine id="tr_1761663060_tl_1" custom="readingOrder {index:0;}">
                <Coords points="277,1014 806,1023 806,1073 277,1064"/>
                <Baseline points="277,1059 298,1059 343,1062 388,1062 432,1062 477,1062 522,1062 567,1062 613,1058 613,1058 659,1062 704,1062 749,1065 794,1065 806,1068"/>
                <TextEquiv>
                    <Unicode>En la farmacia Normal</Unicode>
                </TextEquiv>
            </TextLine>
            <TextLine id="tr_1761663060_tl_2" custom="readingOrder {index:1;}">
                <Coords points="268,1059 824,1062 824,1112 806,1115 268,1109"/>
                <Baseline points="268,1104 313,1107 358,1104 403,1110 447,1110 492,1110 537,1107 582,1107 626,1107 671,1104 716,1107 761,1110 806,1110 824,1107"/>
                <TextEquiv>
                    <Unicode>del galante Pedro Pérez.</Unicode>
                </TextEquiv>
            </TextLine>
            <TextLine id="tr_1761663060_tl_3" custom="readingOrder {index:2;}">
                <Coords points="277,1110 862,1104 862,1154 818,1163 277,1160"/>
                <Baseline points="277,1155 280,1155 325,1152 370,1152 414,1155 459,1152 504,1155 549,1152 594,1155 638,1155 683,1152 728,1155 773,1155 818,1158 862,1149"/>
                <TextEquiv>
                    <Unicode>perfumes has de encontrar¬</Unicode>
                </TextEquiv>
            </TextLine>
            <TextLine id="tr_1761663060_tl_4" custom="readingOrder {index:3;}">
                <Coords points="271,1164 844,1155 844,1205 271,1214"/>
                <Baseline points="271,1209 307,1200 352,1200 397,1200 441,1200 486,1200 531,1200 576,1200 620,1200 665,1203 710,1203 755,1200 800,1200 844,1200"/>
                <TextEquiv>
                    <Unicode>y miles drogas si quieres.</Unicode>
                </TextEquiv>
            </TextLine>
            <TextLine id="tr_1761663060_tl_5" custom="readingOrder {index:4;}">
                <Coords points="280,1250 719,1259 853,1238 853,1288 809,1306 280,1300"/>
                <Baseline points="280,1295 316,1298 361,1298 406,1301 450,1301 495,1301 540,1301 585,1301 629,1301 674,1304 719,1304 764,1301 809,1301 853,1283"/>
                <TextEquiv>
                    <Unicode>Y en Farmacia Miramar</Unicode>
                </TextEquiv>
            </TextLine>
            <TextLine id="tr_1761663060_tl_6" custom="readingOrder {index:5;}">
                <Coords points="277,1304 737,1298 737,1348 277,1354"/>
                <Baseline points="277,1349 289,1346 334,1343 379,1343 423,1346 468,1346 513,1346 558,1346 603,1346 647,1343 692,1343 737,1343"/>
                <TextEquiv>
                    <Unicode>prepara Virgilio Diaz</Unicode>
                </TextEquiv>
            </TextLine>
            <TextLine id="tr_1761663060_tl_7" custom="readingOrder {index:6;}">
                <Coords points="274,1346 776,1346 776,1396 274,1396"/>
                <Baseline points="274,1391 319,1391 364,1391 409,1391 453,1391 498,1391 543,1391 588,1391 632,1391 677,1391 722,1391 767,1391 776,1391"/>
                <TextEquiv>
                    <Unicode>Alcoholado Malaguetol</Unicode>
                </TextEquiv>
            </TextLine>
            <TextLine id="tr_1761663060_tl_8" custom="readingOrder {index:7;}">
                <Coords points="277,1394 752,1394 752,1444 277,1444"/>
                <Baseline points="277,1439 322,1439 367,1436 412,1436 456,1439 501,1439 546,1439 591,1439 635,1439 680,1439 725,1439 752,1439"/>
                <TextEquiv>
                    <Unicode>que según dice Lucia.</Unicode>
                </TextEquiv>
            </TextLine>
            <TextLine id="tr_1761663060_tl_9" custom="readingOrder {index:8;}">
                <Coords points="277,1438 815,1441 815,1491 277,1488"/>
                <Baseline points="277,1483 322,1483 367,1483 412,1483 456,1483 501,1486 546,1486 591,1483 635,1486 680,1483 725,1483 770,1483 815,1486"/>
                <TextEquiv>
                    <Unicode>quita las manchas de sol.</Unicode>
                </TextEquiv>
            </TextLine>
            <TextLine id="tr_1761663060_tl_10" custom="readingOrder {index:9;}">
                <Coords points="179,1537 1185,1537 1164,1590 179,1587"/>
                <Baseline points="179,1582 223,1582 268,1582 313,1582 358,1585 403,1582 447,1582 492,1582 537,1582 582,1585 626,1585 671,1585 716,1585 761,1582 806,1585 850,1585 895,1585 940,1582 985,1582 1030,1582 1074,1585 1119,1576 1164,1585 1185,1582"/>
                <TextEquiv>
                    <Unicode>Agradecidas.— Lo estamos al apreciado colega "El</Unicode>
                </TextEquiv>
            </TextLine>
            <TextLine id="tr_1761663060_tl_11" custom="readingOrder {index:10;}">
                <Coords points="137,1582 1176,1588 1176,1638 137,1632"/>
                <Baseline points="137,1627 182,1627 226,1627 271,1630 316,1630 361,1630 406,1627 450,1627 495,1630 540,1630 585,1630 629,1630 674,1633 719,1630 764,1630 809,1630 853,1630 898,1630 943,1630 988,1630 1032,1630 1077,1630 1122,1630 1167,1630 1176,1633"/>
                <TextEquiv>
                    <Unicode>Esfuerzo de Barahona, por los elocuentes y</Unicode>
                </TextEquiv>
            </TextLine>
            <TextLine id="tr_1761663060_tl_12" custom="readingOrder {index:11;}">
                <Coords points="140,1623 1185,1632 1170,1685 140,1673"/>
                <Baseline points="140,1668 185,1671 229,1671 274,1671 319,1674 364,1674 409,1674 453,1674 498,1674 543,1677 588,1677 632,1677 677,1677 722,1677 767,1677 812,1674 856,1677 901,1677 946,1674 991,1674 1035,1674 1080,1674 1125,1674 1170,1680 1185,1677"/>
                <TextEquiv>
                    <Unicode>galantes frases de aliento que nos dedica en su¬</Unicode>
                </TextEquiv>
            </TextLine>
            <TextLine id="tr_1761663060_tl_13" custom="readingOrder {index:12;}">
                <Coords points="131,1668 913,1680 913,1730 131,1718"/>
                <Baseline points="131,1713 176,1716 220,1719 265,1719 310,1716 355,1719 400,1716 444,1719 489,1722 534,1719 579,1722 623,1722 668,1722 713,1722 758,1722 803,1722 847,1722 892,1725 913,1725"/>
                <TextEquiv>
                    <Unicode>dición de 25 de Noviembre pasado.</Unicode>
                </TextEquiv>
            </TextLine>
            <TextLine id="tr_1761663060_tl_14" custom="readingOrder {index:13;}">
                <Coords points="179,1716 713,1725 713,1775 179,1766"/>
                <Baseline points="179,1761 223,1761 268,1764 313,1764 358,1767 403,1764 447,1767 492,1767 537,1767 582,1767 626,1767 671,1767 713,1770"/>
                <TextEquiv>
                    <Unicode>Gracias gracias, colega,</Unicode>
                </TextEquiv>
            </TextLine>
            <TextLine id="tr_1761663060_tl_15" custom="readingOrder {index:14;}">
                <Coords points="182,1814 1185,1820 1167,1873 182,1864"/>
                <Baseline points="182,1859 226,1859 271,1862 316,1862 361,1862 406,1865 450,1865 495,1865 540,1868 585,1871 629,1868 674,1868 719,1871 764,1868 809,1868 853,1868 898,1868 943,1871 988,1868 1032,1868 1077,1868 1122,1868 1167,1868 1185,1865"/>
                <TextEquiv>
                    <Unicode>Sabe Ud. Doctor, que Mister Barnett está</Unicode>
                </TextEquiv>
            </TextLine>
            <TextLine id="tr_1761663060_tl_16" custom="readingOrder {index:15;}">
                <Coords points="131,1865 606,1871 606,1921 131,1915"/>
                <Baseline points="131,1910 176,1904 220,1910 265,1910 310,1910 355,1910 400,1910 444,1913 489,1913 534,1913 579,1913 606,1916"/>
                <TextEquiv>
                    <Unicode>gravemente enfermo?</Unicode>
                </TextEquiv>
            </TextLine>
            <TextLine id="tr_1761663060_tl_17" custom="readingOrder {index:16;}">
                <Coords points="182,1934 558,1937 558,1987 540,1990 182,1984"/>
                <Baseline points="182,1979 226,1979 271,1982 316,1985 361,1985 406,1985 450,1985 495,1985 540,1985 558,1982"/>
                <TextEquiv>
                    <Unicode>Si iqué tiene?</Unicode>
                </TextEquiv>
            </TextLine>
            <TextLine id="tr_1761663060_tl_18" custom="readingOrder {index:17;}">
                <Coords points="208,2003 1182,2015 1182,2065 208,2053"/>
                <Baseline points="208,2048 253,2051 298,2057 343,2054 388,2057 432,2060 477,2060 522,2060 567,2063 612,2063 656,2063 701,2063 746,2063 791,2063 835,2063 880,2063 925,2063 970,2065 1015,2063 1059,2063 1104,2060 1149,2060 1182,2060"/>
                <TextEquiv>
                    <Unicode>—Pues, una enfermedad que le llaman satura¬</Unicode>
                </TextEquiv>
            </TextLine>
            <TextLine id="tr_1761663060_tl_19" custom="readingOrder {index:18;}">
                <Coords points="140,2050 244,2059 244,2109 140,2100"/>
                <Baseline points="140,2095 185,2098 229,2101 244,2104"/>
                <TextEquiv>
                    <Unicode>ción.</Unicode>
                </TextEquiv>
            </TextLine>
            <TextLine id="tr_1761663060_tl_20" custom="readingOrder {index:19;}">
                <Coords points="223,2122 492,2137 755,2128 755,2178 492,2187 223,2172"/>
                <Baseline points="223,2167 268,2170 313,2176 358,2176 403,2176 447,2179 492,2182 537,2182 582,2182 626,2182 671,2179 716,2176 755,2173"/>
                <TextEquiv>
                    <Unicode>Oh, Y cómo la contrajo?</Unicode>
                </TextEquiv>
            </TextLine>
            <TextLine id="tr_1761663060_tl_21" custom="readingOrder {index:20;}">
                <Coords points="223,2197 1188,2212 1188,2262 223,2247"/>
                <Baseline points="223,2242 268,2245 313,2248 358,2248 403,2248 447,2251 492,2251 537,2254 582,2254 626,2254 671,2254 716,2254 761,2254 806,2254 850,2254 895,2254 940,2257 985,2254 1030,2257 1074,2257 1119,2257 1164,2257 1188,2257"/>
                <TextEquiv>
                    <Unicode>Fácilmente; metido entre MELAZA, MIEL</Unicode>
                </TextEquiv>
            </TextLine>
            <TextLine id="tr_1761663060_tl_22" custom="readingOrder {index:21;}">
                <Coords points="140,2247 1182,2253 1182,2303 1125,2306 140,2297"/>
                <Baseline points="140,2292 185,2289 229,2289 274,2292 319,2295 364,2295 409,2295 453,2295 498,2298 543,2298 588,2298 632,2298 677,2298 722,2298 767,2301 812,2298 856,2298 901,2304 946,2301 991,2301 1035,2301 1080,2301 1125,2301 1170,2298 1182,2298"/>
                <TextEquiv>
                    <Unicode>de CANA. MIEL DE ABELAS y tanto AZU.</Unicode>
                </TextEquiv>
            </TextLine>
            <TextLine id="tr_1761663060_tl_23" custom="readingOrder {index:22;}">
                <Coords points="137,2289 603,2301 603,2351 137,2339"/>
                <Baseline points="137,2334 182,2337 226,2340 271,2340 316,2340 361,2340 406,2343 450,2343 495,2343 540,2343 585,2343 603,2346"/>
                <TextEquiv>
                    <Unicode>CAR se ha saturado.</Unicode>
                </TextEquiv>
            </TextLine>
            <TextLine id="tr_1761663060_tl_24" custom="readingOrder {index:23;}">
                <Coords points="226,2367 653,2373 653,2423 226,2417"/>
                <Baseline points="226,2412 271,2412 316,2409 361,2412 406,2412 450,2415 495,2415 540,2415 585,2418 629,2418 653,2418"/>
                <TextEquiv>
                    <Unicode>Llévele esta receta:</Unicode>
                </TextEquiv>
            </TextLine>
            <TextLine id="tr_1761663060_tl_25" custom="readingOrder {index:24;}">
                <Coords points="501,2441 1122,2444 1122,2494 1083,2497 501,2491"/>
                <Baseline points="501,2486 546,2489 591,2489 635,2489 680,2489 725,2492 770,2489 815,2489 859,2492 904,2489 949,2492 994,2489 1038,2492 1083,2492 1122,2489"/>
                <TextEquiv>
                    <Unicode>mil gramos de IMPORTACION</Unicode>
                </TextEquiv>
            </TextLine>
            <TextEquiv>
                <Unicode></Unicode>
            </TextEquiv>
        </TextRegion>
        <TextRegion id="tr_1761663061" custom="readingOrder {index:5;}">
            <Coords points="138,2413 1203,2413 1203,3183 138,3183"/>
            <TextLine id="tr_1761663061_tl_1" custom="readingOrder {index:0;}">
                <Coords points="501,2486 1131,2492 1131,2542 501,2536"/>
                <Baseline points="501,2531 546,2534 591,2537 635,2534 680,2537 725,2534 770,2537 815,2534 859,2537 904,2537 949,2537 994,2537 1038,2537 1083,2537 1128,2537 1131,2537"/>
                <TextEquiv>
                    <Unicode>cuatro mil de ESPORTACION</Unicode>
                </TextEquiv>
            </TextLine>
            <TextLine id="tr_1761663061_tl_2" custom="readingOrder {index:1;}">
                <Coords points="489,2534 934,2540 934,2590 489,2584"/>
                <Baseline points="489,2579 534,2579 579,2582 623,2582 668,2582 713,2582 758,2582 803,2585 847,2585 892,2585 934,2585"/>
                <TextEquiv>
                    <Unicode>curan la saturación.</Unicode>
                </TextEquiv>
            </TextLine>
            <TextLine id="tr_1761663061_tl_3" custom="readingOrder {index:2;}">
                <Coords points="185,2630 1188,2636 1170,2688 185,2680"/>
                <Baseline points="185,2675 229,2675 274,2678 319,2681 364,2681 409,2681 453,2681 498,2681 543,2681 588,2681 632,2683 677,2683 722,2683 767,2683 812,2681 856,2683 901,2683 946,2683 991,2683 1035,2683 1080,2683 1125,2683 1170,2683 1188,2681"/>
                <TextEquiv>
                    <Unicode>Sensible fallecimiento. El día 10 de este mes dejó de</Unicode>
                </TextEquiv>
            </TextLine>
            <TextLine id="tr_1761663061_tl_4" custom="readingOrder {index:3;}">
                <Coords points="137,2671 1182,2683 1182,2733 1122,2736 137,2721"/>
                <Baseline points="137,2716 182,2719 226,2719 271,2722 316,2722 361,2725 406,2725 450,2725 495,2725 540,2725 585,2725 629,2725 674,2728 719,2728 764,2725 809,2728 853,2728 898,2731 943,2731 988,2728 1032,2731 1077,2731 1122,2731 1167,2728 1182,2728"/>
                <TextEquiv>
                    <Unicode>existir en la ciudad Capital el Dr Manuel Arturo</Unicode>
                </TextEquiv>
            </TextLine>
            <TextLine id="tr_1761663061_tl_5" custom="readingOrder {index:4;}">
                <Coords points="146,2722 1182,2731 1182,2781 146,2772"/>
                <Baseline points="146,2767 191,2764 235,2767 280,2767 325,2767 370,2770 414,2770 459,2770 504,2770 549,2770 594,2773 638,2773 683,2770 728,2773 773,2773 818,2776 862,2776 907,2776 952,2776 997,2776 1041,2776 1086,2776 1131,2776 1176,2773 1182,2776"/>
                <TextEquiv>
                    <Unicode>Machado, lumbrera insigne de la oratoria, del</Unicode>
                </TextEquiv>
            </TextLine>
            <TextLine id="tr_1761663061_tl_6" custom="readingOrder {index:5;}">
                <Coords points="143,2764 579,2770 579,2820 143,2814"/>
                <Baseline points="143,2809 188,2812 232,2812 277,2812 322,2815 367,2815 412,2815 456,2815 501,2815 546,2818 579,2815"/>
                <TextEquiv>
                    <Unicode>foro y de las letras.</Unicode>
                </TextEquiv>
            </TextLine>
            <TextLine id="tr_1761663061_tl_7" custom="readingOrder {index:6;}">
                <Coords points="185,2812 1179,2821 1179,2871 1125,2874 185,2862"/>
                <Baseline points="185,2857 229,2857 274,2857 319,2857 364,2860 409,2860 453,2860 498,2863 543,2863 588,2866 632,2866 677,2866 722,2866 767,2866 812,2866 856,2866 901,2866 946,2866 991,2866 1035,2866 1080,2866 1125,2869 1170,2866 1179,2866"/>
                <TextEquiv>
                    <Unicode>Debloramos la prematura muerte del distin¬</Unicode>
                </TextEquiv>
            </TextLine>
            <TextLine id="tr_1761663061_tl_8" custom="readingOrder {index:7;}">
                <Coords points="143,2853 1179,2865 1173,2918 143,2903"/>
                <Baseline points="143,2898 188,2907 232,2904 277,2904 322,2907 367,2907 412,2907 456,2907 501,2907 546,2907 591,2907 635,2910 680,2910 725,2913 770,2910 815,2913 859,2913 904,2913 949,2913 994,2913 1038,2916 1083,2916 1128,2913 1173,2913 1179,2910"/>
                <TextEquiv>
                    <Unicode>guido hombre de letras y nos asociamos al justi¬</Unicode>
                </TextEquiv>
            </TextLine>
            <TextLine id="tr_1761663061_tl_9" custom="readingOrder {index:8;}">
                <Coords points="140,2904 710,2913 710,2963 140,2954"/>
                <Baseline points="140,2949 185,2949 229,2949 274,2952 319,2952 364,2952 409,2952 453,2949 498,2952 543,2952 588,2955 632,2955 677,2958 710,2958"/>
                <TextEquiv>
                    <Unicode>simo dolor de sus deudos.</Unicode>
                </TextEquiv>
            </TextLine>
            <TextLine id="tr_1761663061_tl_10" custom="readingOrder {index:9;}">
                <Coords points="268,3006 779,3012 779,3062 268,3056"/>
                <Baseline points="268,3051 313,3051 358,3054 403,3054 447,3054 492,3054 537,3054 582,3054 626,3054 671,3057 716,3057 761,3054 779,3057"/>
                <TextEquiv>
                    <Unicode>Si te consume la fiebre</Unicode>
                </TextEquiv>
            </TextLine>
            <TextLine id="tr_1761663061_tl_11" custom="readingOrder {index:10;}">
                <Coords points="271,3050 722,3056 722,3106 271,3100"/>
                <Baseline points="271,3095 316,3098 361,3098 406,3098 450,3098 495,3098 540,3098 585,3101 629,3101 674,3101 719,3101 722,3101"/>
                <TextEquiv>
                    <Unicode>y deseas una receta.</Unicode>
                </TextEquiv>
            </TextLine>
            <TextLine id="tr_1761663061_tl_12" custom="readingOrder {index:11;}">
                <Coords points="274,3098 725,3092 725,3142 680,3148 274,3148"/>
                <Baseline points="274,3143 277,3143 322,3143 367,3146 412,3143 456,3143 501,3140 546,3143 591,3143 635,3140 680,3143 725,3137"/>
                <TextEquiv>
                    <Unicode>tomarás Esanofel</Unicode>
                </TextEquiv>
            </TextLine>
            <TextEquiv>
                <Unicode></Unicode>
            </TextEquiv>
        </TextRegion>
        <TextRegion id="tr_1761663062" custom="readingOrder {index:6;}">
            <Coords points="1209,428 2311,428 2311,1679 1209,1679"/>
            <TextLine id="tr_1761663062_tl_1" custom="readingOrder {index:0;}">
                <Coords points="1280,414 1382,417 1382,467 1280,464"/>
                <Baseline points="1280,459 1325,459 1370,462 1382,462"/>
                <TextEquiv>
                    <Unicode>E</Unicode>
                </TextEquiv>
            </TextLine>
            <TextLine id="tr_1761663062_tl_2" custom="readingOrder {index:1;}">
                <Coords points="1268,552 2274,543 2274,593 2185,602 1268,602"/>
                <Baseline points="1268,597 1289,594 1334,597 1379,597 1424,597 1468,600 1513,600 1558,597 1603,597 1648,597 1692,597 1737,597 1782,597 1827,600 1871,597 1916,597 1961,597 2006,597 2051,597 2095,597 2140,597 2185,597 2230,588 2274,588"/>
                <TextEquiv>
                    <Unicode>Nuevos canges.—Hemos recibido "El Tribuno y</Unicode>
                </TextEquiv>
            </TextLine>
            <TextLine id="tr_1761663062_tl_3" custom="readingOrder {index:2;}">
                <Coords points="1256,599 2271,593 2271,643 2224,646 1256,649"/>
                <Baseline points="1256,644 1283,644 1328,644 1373,644 1418,644 1462,644 1507,647 1507,647 1552,644 1597,644 1642,641 1686,641 1731,644 1776,644 1821,644 1865,644 1910,641 1955,641 2000,641 2045,641 2089,641 2134,641 2179,641 2224,641 2269,638 2271,638"/>
                <TextEquiv>
                    <Unicode>El Radical, de la Capital, La Tribuna, de</Unicode>
                </TextEquiv>
            </TextLine>
            <TextLine id="tr_1761663062_tl_4" custom="readingOrder {index:3;}">
                <Coords points="1230,641 2033,647 2033,697 1230,691"/>
                <Baseline points="1230,686 1274,689 1319,689 1364,692 1409,689 1453,683 1498,689 1543,689 1588,689 1633,689 1677,689 1722,692 1767,689 1812,689 1857,686 1901,686 1946,683 1991,689 2033,692"/>
                <TextEquiv>
                    <Unicode>Santiago y El Buitre de La Vega.</Unicode>
                </TextEquiv>
            </TextLine>
            <TextLine id="tr_1761663062_tl_5" custom="readingOrder {index:4;}">
                <Coords points="1268,713 2140,719 2140,769 1268,763"/>
                <Baseline points="1268,758 1313,761 1358,761 1403,761 1447,761 1492,761 1537,761 1582,761 1627,761 1671,761 1716,764 1761,761 1806,761 1851,761 1895,761 1940,761 1985,761 2030,761 2074,761 2119,761 2140,764"/>
                <TextEquiv>
                    <Unicode>Con gusto dejamos establecido el cange.</Unicode>
                </TextEquiv>
            </TextLine>
            <TextLine id="tr_1761663062_tl_6" custom="readingOrder {index:5;}">
                <Coords points="1364,814 1901,817 1901,867 1364,864"/>
                <Baseline points="1364,859 1409,862 1453,862 1498,862 1543,859 1588,859 1633,862 1677,862 1722,862 1767,862 1812,862 1857,862 1901,862"/>
                <TextEquiv>
                    <Unicode>En la botica Esperanza</Unicode>
                </TextEquiv>
            </TextLine>
            <TextLine id="tr_1761663062_tl_7" custom="readingOrder {index:6;}">
                <Coords points="1364,862 1815,868 1815,918 1364,912"/>
                <Baseline points="1364,907 1409,907 1453,907 1498,907 1543,910 1588,907 1633,907 1677,907 1722,907 1767,907 1812,913 1815,913"/>
                <TextEquiv>
                    <Unicode>de la ciudad Capital,</Unicode>
                </TextEquiv>
            </TextLine>
            <TextLine id="tr_1761663062_tl_8" custom="readingOrder {index:7;}">
                <Coords points="1361,904 1785,907 1785,957 1361,954"/>
                <Baseline points="1361,949 1406,952 1450,952 1495,955 1540,955 1585,955 1630,955 1674,952 1719,952 1764,952 1785,952"/>
                <TextEquiv>
                    <Unicode>de todo para curar</Unicode>
                </TextEquiv>
            </TextLine>
            <TextLine id="tr_1761663062_tl_9" custom="readingOrder {index:8;}">
                <Coords points="1364,949 1964,958 1964,1008 1364,999"/>
                <Baseline points="1364,994 1409,1000 1453,1000 1498,1000 1543,1000 1588,997 1633,1000 1677,1000 1722,1000 1767,1000 1812,1000 1857,1000 1901,1000 1946,1000 1964,1003"/>
                <TextEquiv>
                    <Unicode>Perfumes, polvos, bonanza.</Unicode>
                </TextEquiv>
            </TextLine>
            <TextLine id="tr_1761663062_tl_10" custom="readingOrder {index:9;}">
                <Coords points="1271,1053 2286,1053 2286,1103 1271,1103"/>
                <Baseline points="1271,1098 1316,1098 1361,1101 1406,1101 1450,1101 1495,1101 1540,1101 1585,1098 1630,1098 1674,1098 1719,1098 1764,1098 1809,1098 1854,1098 1898,1098 1943,1098 1988,1098 2033,1098 2077,1095 2122,1095 2167,1098 2212,1098 2257,1098 2286,1098"/>
                <TextEquiv>
                    <Unicode>Folleto Comercial. Hemos recibido una Memoria</Unicode>
                </TextEquiv>
            </TextLine>
            <TextLine id="tr_1761663062_tl_11" custom="readingOrder {index:10;}">
                <Coords points="1224,1101 2277,1095 2277,1145 2233,1148 1224,1151"/>
                <Baseline points="1224,1146 1247,1146 1292,1146 1337,1146 1382,1146 1427,1146 1471,1146 1516,1146 1561,1146 1606,1143 1650,1146 1695,1146 1740,1146 1785,1143 1830,1143 1874,1143 1919,1146 1964,1146 2009,1143 2054,1143 2098,1140 2143,1143 2188,1140 2233,1143 2277,1140"/>
                <TextEquiv>
                    <Unicode>que la Junta Directiva de la Camara de Comercio</Unicode>
                </TextEquiv>
            </TextLine>
            <TextLine id="tr_1761663062_tl_12" custom="readingOrder {index:11;}">
                <Coords points="1230,1149 2277,1152 2277,1202 1230,1199"/>
                <Baseline points="1230,1194 1274,1191 1319,1188 1364,1191 1409,1191 1453,1191 1498,1191 1543,1191 1588,1191 1633,1191 1677,1191 1722,1191 1767,1191 1812,1191 1857,1191 1901,1188 1946,1188 1991,1188 2036,1188 2080,1188 2125,1188 2170,1191 2215,1188 2260,1191 2277,1197"/>
                <TextEquiv>
                    <Unicode>presenta á la Asamblea General de Asociados,</Unicode>
                </TextEquiv>
            </TextLine>
            <TextLine id="tr_1761663062_tl_13" custom="readingOrder {index:12;}">
                <Coords points="1233,1188 2209,1191 2209,1241 1233,1238"/>
                <Baseline points="1233,1233 1277,1233 1322,1236 1367,1236 1412,1236 1456,1236 1501,1236 1546,1236 1591,1236 1636,1236 1680,1233 1725,1233 1770,1236 1815,1233 1859,1233 1904,1236 1949,1236 1994,1236 2039,1233 2083,1236 2128,1236 2173,1236 2209,1236"/>
                <TextEquiv>
                    <Unicode>exponente de su ejercicio en los años 192122.</Unicode>
                </TextEquiv>
            </TextLine>
            <TextLine id="tr_1761663062_tl_14" custom="readingOrder {index:13;}">
                <Coords points="1283,1232 2277,1232 2277,1282 2224,1285 1283,1282"/>
                <Baseline points="1283,1277 1328,1277 1373,1280 1418,1280 1462,1280 1507,1280 1552,1283 1597,1283 1642,1280 1686,1283 1731,1280 1776,1280 1821,1280 1865,1280 1910,1283 1955,1280 2000,1283 2045,1280 2089,1280 2134,1280 2179,1280 2224,1280 2269,1277 2277,1277"/>
                <TextEquiv>
                    <Unicode>Agradecemos el envio de este importante fo¬</Unicode>
                </TextEquiv>
            </TextLine>
            <TextLine id="tr_1761663062_tl_15" custom="readingOrder {index:14;}">
                <Coords points="1230,1280 2266,1280 2266,1330 2215,1333 1230,1330"/>
                <Baseline points="1230,1325 1274,1325 1319,1325 1364,1328 1409,1328 1453,1331 1498,1328 1543,1328 1588,1328 1633,1328 1677,1328 1722,1328 1767,1331 1812,1328 1857,1328 1901,1328 1946,1328 1991,1328 2036,1328 2080,1328 2125,1328 2170,1328 2215,1328 2260,1325 2266,1325"/>
                <TextEquiv>
                    <Unicode>licto, heraldo de la labor comercialagrícola in</Unicode>
                </TextEquiv>
            </TextLine>
            <TextLine id="tr_1761663062_tl_16" custom="readingOrder {index:15;}">
                <Coords points="1224,1325 1418,1331 1418,1381 1224,1375"/>
                <Baseline points="1224,1370 1268,1373 1313,1373 1358,1373 1403,1376 1418,1376"/>
                <TextEquiv>
                    <Unicode>ustrial,</Unicode>
                </TextEquiv>
            </TextLine>
            <TextLine id="tr_1761663062_tl_17" custom="readingOrder {index:16;}">
                <Coords points="1361,1426 1934,1429 1934,1479 1361,1476"/>
                <Baseline points="1361,1471 1406,1471 1450,1474 1495,1477 1540,1477 1585,1474 1630,1477 1674,1474 1719,1477 1764,1474 1809,1477 1854,1474 1898,1474 1934,1474"/>
                <TextEquiv>
                    <Unicode>Decidme, qué ha recibido</Unicode>
                </TextEquiv>
            </TextLine>
            <TextLine id="tr_1761663062_tl_18" custom="readingOrder {index:17;}">
                <Coords points="1361,1474 1904,1474 1904,1524 1361,1524"/>
                <Baseline points="1361,1519 1406,1522 1450,1522 1495,1522 1540,1522 1585,1522 1630,1522 1674,1519 1719,1522 1764,1522 1809,1522 1854,1522 1898,1519 1904,1519"/>
                <TextEquiv>
                    <Unicode>doña América de Fakas?</Unicode>
                </TextEquiv>
            </TextLine>
            <TextLine id="tr_1761663062_tl_19" custom="readingOrder {index:18;}">
                <Coords points="1358,1519 1892,1519 1892,1569 1358,1569"/>
                <Baseline points="1358,1564 1403,1564 1447,1567 1492,1567 1537,1567 1582,1567 1627,1564 1671,1567 1716,1564 1761,1561 1806,1564 1851,1564 1892,1564"/>
                <TextEquiv>
                    <Unicode>organdies sedas gasas</Unicode>
                </TextEquiv>
            </TextLine>
            <TextLine id="tr_1761663062_tl_20" custom="readingOrder {index:19;}">
                <Coords points="1370,1567 1958,1567 1952,1620 1370,1617"/>
                <Baseline points="1370,1612 1415,1612 1459,1612 1504,1612 1549,1612 1594,1612 1639,1612 1683,1609 1728,1612 1773,1615 1818,1612 1862,1615 1907,1615 1952,1615 1958,1612"/>
                <TextEquiv>
                    <Unicode>y sombreros gran surtido.</Unicode>
                </TextEquiv>
            </TextLine>
            <TextEquiv>
                <Unicode></Unicode>
            </TextEquiv>
        </TextRegion>
        <TextRegion id="tr_1761663059" custom="readingOrder {index:7;}">
            <Coords points="1251,2103 2312,2103 2312,3254 1251,3254"/>
            <TextLine id="tr_1761663059_tl_1" custom="readingOrder {index:0;}">
                <Coords points="1498,2086 2057,2083 2057,2133 2012,2142 1498,2136"/>
                <Baseline points="1498,2131 1519,2134 1564,2137 1609,2131 1653,2134 1698,2137 1743,2137 1788,2137 1833,2137 1877,2137 1922,2137 1967,2137 2012,2137 2057,2128"/>
                <TextEquiv>
                    <Unicode>Café Nadal qué sabrosos</Unicode>
                </TextEquiv>
            </TextLine>
            <TextLine id="tr_1761663059_tl_2" custom="readingOrder {index:1;}">
                <Coords points="1501,2131 1961,2134 1961,2184 1949,2187 1501,2181"/>
                <Baseline points="1501,2176 1546,2176 1591,2179 1636,2179 1680,2179 1725,2182 1770,2179 1815,2182 1859,2179 1904,2182 1949,2182 1961,2179"/>
                <TextEquiv>
                    <Unicode>dulces y helados allí</Unicode>
                </TextEquiv>
            </TextLine>
            <TextLine id="tr_1761663059_tl_3" custom="readingOrder {index:2;}">
                <Coords points="1498,2179 1934,2185 1934,2235 1498,2229"/>
                <Baseline points="1498,2224 1543,2221 1588,2224 1633,2224 1677,2227 1722,2227 1767,2227 1812,2227 1857,2227 1901,2224 1934,2230"/>
                <TextEquiv>
                    <Unicode>refreSCOS DICOS, y</Unicode>
                </TextEquiv>
            </TextLine>
            <TextLine id="tr_1761663059_tl_4" custom="readingOrder {index:3;}">
                <Coords points="1501,2224 1967,2229 1967,2279 1501,2274"/>
                <Baseline points="1501,2269 1546,2274 1591,2274 1636,2274 1680,2274 1725,2274 1770,2274 1815,2274 1859,2274 1904,2274 1949,2274 1967,2274"/>
                <TextEquiv>
                    <Unicode>chocolates deliciosos.</Unicode>
                </TextEquiv>
            </TextLine>
            <TextLine id="tr_1761663059_tl_5" custom="readingOrder {index:4;}">
                <Coords points="1498,2319 1946,2325 1946,2375 1498,2369"/>
                <Baseline points="1498,2364 1543,2373 1588,2373 1633,2373 1677,2373 1722,2373 1767,2373 1812,2373 1857,2373 1901,2373 1946,2370"/>
                <TextEquiv>
                    <Unicode>Específico Zendejas</Unicode>
                </TextEquiv>
            </TextLine>
            <TextLine id="tr_1761663059_tl_6" custom="readingOrder {index:5;}">
                <Coords points="1501,2373 2095,2376 2095,2426 1501,2423"/>
                <Baseline points="1501,2418 1546,2418 1591,2418 1636,2418 1680,2418 1725,2421 1770,2418 1815,2418 1859,2421 1904,2418 1949,2421 1994,2421 2039,2424 2083,2421 2095,2421"/>
                <TextEquiv>
                    <Unicode>que la sangre bien depuras</Unicode>
                </TextEquiv>
            </TextLine>
            <TextLine id="tr_1761663059_tl_7" custom="readingOrder {index:6;}">
                <Coords points="1492,2418 2092,2421 2092,2471 2074,2474 1492,2468"/>
                <Baseline points="1492,2463 1537,2463 1582,2466 1627,2466 1671,2466 1716,2466 1761,2466 1806,2466 1851,2466 1895,2466 1940,2466 1985,2466 2030,2469 2074,2469 2092,2466"/>
                <TextEquiv>
                    <Unicode>á quién, dime, tu no curas?</Unicode>
                </TextEquiv>
            </TextLine>
            <TextLine id="tr_1761663059_tl_8" custom="readingOrder {index:7;}">
                <Coords points="1495,2465 2012,2471 2012,2521 1495,2515"/>
                <Baseline points="1495,2510 1540,2510 1585,2510 1630,2510 1674,2510 1719,2510 1764,2513 1809,2513 1854,2510 1898,2513 1943,2513 1988,2513 2012,2516"/>
                <TextEquiv>
                    <Unicode>a mozos viejos y viejas.</Unicode>
                </TextEquiv>
            </TextLine>
            <TextLine id="tr_1761663059_tl_9" custom="readingOrder {index:8;}">
                <Coords points="1271,2564 2280,2567 2257,2620 1271,2614"/>
                <Baseline points="1271,2609 1316,2609 1361,2612 1406,2609 1450,2609 1495,2612 1540,2612 1585,2615 1630,2615 1674,2615 1719,2612 1764,2615 1809,2615 1854,2612 1898,2612 1943,2615 1988,2612 2033,2615 2077,2612 2122,2615 2167,2615 2212,2615 2257,2615 2280,2612"/>
                <TextEquiv>
                    <Unicode>Regreso.— Felizmente ha regresado de la Capital</Unicode>
                </TextEquiv>
            </TextLine>
            <TextLine id="tr_1761663059_tl_10" custom="readingOrder {index:9;}">
                <Coords points="1233,2615 2286,2618 2286,2668 1233,2665"/>
                <Baseline points="1233,2660 1277,2657 1322,2657 1367,2660 1412,2660 1456,2660 1501,2660 1546,2657 1591,2657 1636,2660 1680,2660 1725,2660 1770,2660 1815,2657 1859,2660 1904,2657 1949,2660 1994,2660 2039,2657 2083,2660 2128,2660 2173,2663 2218,2663 2263,2663 2286,2663"/>
                <TextEquiv>
                    <Unicode>nuestra Redactora Canino, después de dejar á</Unicode>
                </TextEquiv>
            </TextLine>
            <TextLine id="tr_1761663059_tl_11" custom="readingOrder {index:10;}">
                <Coords points="1230,2656 2179,2665 2179,2715 1230,2706"/>
                <Baseline points="1230,2701 1274,2704 1319,2704 1364,2704 1409,2704 1453,2704 1498,2704 1543,2704 1588,2704 1633,2707 1677,2704 1722,2707 1767,2707 1812,2707 1857,2704 1901,2704 1946,2704 1991,2707 2036,2707 2080,2707 2125,2707 2170,2710 2179,2710"/>
                <TextEquiv>
                    <Unicode>su Sra madre completamente restablecida.</Unicode>
                </TextEquiv>
            </TextLine>
            <TextLine id="tr_1761663059_tl_12" custom="readingOrder {index:11;}">
                <Coords points="1295,2700 1612,2707 1612,2757 1295,2750"/>
                <Baseline points="1295,2745 1343,2749 1388,2752 1433,2752 1477,2752 1522,2752 1567,2752 1612,2752"/>
                <TextEquiv>
                    <Unicode>os alegramos.</Unicode>
                </TextEquiv>
            </TextLine>
            <TextLine id="tr_1761663059_tl_13" custom="readingOrder {index:12;}">
                <Coords points="1274,2806 2283,2809 2283,2859 1274,2856"/>
                <Baseline points="1274,2851 1319,2851 1364,2851 1409,2854 1453,2854 1498,2851 1543,2854 1588,2854 1633,2854 1677,2854 1722,2854 1767,2854 1812,2851 1857,2854 1901,2854 1946,2854 1991,2854 2036,2854 2080,2854 2125,2854 2170,2857 2215,2857 2260,2854 2283,2854"/>
                <TextEquiv>
                    <Unicode>Damas, si quereis pasar ratos amenos y bien</Unicode>
                </TextEquiv>
            </TextLine>
            <TextLine id="tr_1761663059_tl_14" custom="readingOrder {index:13;}">
                <Coords points="1230,2850 2280,2853 2280,2903 2215,2906 1230,2900"/>
                <Baseline points="1230,2895 1274,2895 1319,2895 1364,2895 1409,2895 1453,2898 1498,2898 1543,2895 1588,2895 1633,2895 1677,2898 1722,2898 1767,2895 1812,2898 1857,2898 1901,2898 1946,2898 1991,2898 2036,2898 2080,2898 2125,2901 2170,2898 2215,2901 2260,2898 2280,2898"/>
                <TextEquiv>
                    <Unicode>aprovechados en la librería de Don Daniel Gon¬</Unicode>
                </TextEquiv>
            </TextLine>
            <TextLine id="tr_1761663059_tl_15" custom="readingOrder {index:14;}">
                <Coords points="1224,2898 2277,2895 2277,2945 2188,2954 1224,2948"/>
                <Baseline points="1224,2943 1247,2943 1292,2943 1337,2943 1382,2943 1427,2943 1471,2943 1516,2943 1561,2943 1606,2943 1650,2946 1695,2946 1740,2943 1785,2946 1830,2943 1874,2946 1919,2946 1964,2946 2009,2946 2054,2946 2098,2949 2143,2949 2188,2949 2233,2946 2277,2940"/>
                <TextEquiv>
                    <Unicode>zalez encontrareis estas magníficas obras, apro¬</Unicode>
                </TextEquiv>
            </TextLine>
            <TextLine id="tr_1761663059_tl_16" custom="readingOrder {index:15;}">
                <Coords points="1224,2952 1767,2943 1767,2993 1224,3002"/>
                <Baseline points="1224,2997 1230,2994 1274,2988 1319,2991 1364,2991 1409,2991 1453,2991 1498,2988 1543,2988 1588,2988 1633,2988 1677,2988 1722,2988 1767,2988"/>
                <TextEquiv>
                    <Unicode>posito para vuestro sexo</Unicode>
                </TextEquiv>
            </TextLine>
            <TextLine id="tr_1761663059_tl_17" custom="readingOrder {index:16;}">
                <Coords points="1271,3009 2277,3021 2277,3071 2212,3074 1271,3059"/>
                <Baseline points="1271,3054 1316,3057 1361,3060 1406,3060 1450,3060 1495,3060 1540,3060 1585,3063 1630,3060 1674,3060 1719,3063 1764,3063 1809,3066 1854,3063 1898,3063 1943,3063 1988,3063 2033,3066 2077,3066 2122,3069 2167,3069 2212,3069 2257,3066 2277,3066"/>
                <TextEquiv>
                    <Unicode>Una celebridad desconocida, Concepción A¬</Unicode>
                </TextEquiv>
            </TextLine>
            <TextLine id="tr_1761663059_tl_18" custom="readingOrder {index:17;}">
                <Coords points="1233,3059 2286,3065 2286,3115 1233,3109"/>
                <Baseline points="1233,3104 1277,3101 1322,3107 1367,3107 1412,3104 1456,3107 1501,3107 1546,3107 1591,3107 1636,3107 1680,3110 1725,3110 1770,3107 1815,3110 1859,3110 1904,3110 1949,3110 1994,3110 2039,3107 2083,3110 2128,3110 2173,3113 2218,3110 2263,3110 2286,3110"/>
                <TextEquiv>
                    <Unicode>renal. Un Femenismo Aceptable, Amor de</Unicode>
                </TextEquiv>
            </TextLine>
            <TextLine id="tr_1761663059_tl_19" custom="readingOrder {index:18;}">
                <Coords points="1233,3104 2283,3107 2283,3157 2218,3163 1233,3154"/>
                <Baseline points="1233,3149 1277,3152 1322,3149 1367,3152 1412,3149 1456,3149 1501,3152 1546,3152 1591,3152 1636,3152 1680,3152 1725,3152 1770,3158 1815,3155 1859,3155 1904,3155 1949,3152 1994,3158 2039,3158 2083,3155 2128,3158 2173,3155 2218,3158 2263,3155 2283,3152"/>
                <TextEquiv>
                    <Unicode>Madres, ¿Marieta, Cartas de Mujeres, Be¬</Unicode>
                </TextEquiv>
            </TextLine>
            <TextLine id="tr_1761663059_tl_20" custom="readingOrder {index:19;}">
                <Coords points="1230,3152 1424,3155 1424,3205 1230,3202"/>
                <Baseline points="1230,3197 1274,3200 1319,3200 1364,3200 1409,3200 1424,3200"/>
                <TextEquiv>
                    <Unicode>navente.</Unicode>
                </TextEquiv>
            </TextLine>
            <TextEquiv>
                <Unicode></Unicode>
            </TextEquiv>
        </TextRegion>
        <TextRegion id="tr_1761663066" custom="readingOrder {index:8;}">
            <Coords points="1300,779 2318,779 2318,3311 1300,3311"/>
            <TextLine id="tr_1761663066_tl_1" custom="readingOrder {index:0;}">
                <Coords points="1268,1668 2277,1662 2277,1712 2233,1718 1268,1718"/>
                <Baseline points="1268,1713 1292,1710 1337,1713 1382,1713 1427,1713 1471,1713 1516,1713 1561,1713 1606,1713 1650,1713 1695,1713 1740,1713 1785,1713 1830,1716 1874,1716 1919,1713 1964,1713 2009,1713 2054,1716 2098,1713 2143,1713 2188,1713 2233,1713 2277,1707"/>
                <TextEquiv>
                    <Unicode>Señora de Sanchez.— En días pasados tuvimos el gus¬</Unicode>
                </TextEquiv>
            </TextLine>
            <TextLine id="tr_1761663066_tl_2" custom="readingOrder {index:1;}">
                <Coords points="1227,1713 2274,1707 2274,1757 2185,1766 1227,1763"/>
                <Baseline points="1227,1758 1244,1758 1289,1758 1334,1758 1379,1758 1424,1758 1468,1761 1513,1758 1558,1761 1603,1761 1648,1761 1692,1761 1737,1761 1782,1761 1827,1761 1871,1761 1916,1761 1961,1761 2006,1758 2051,1761 2095,1758 2140,1758 2185,1761 2230,1758 2274,1752"/>
                <TextEquiv>
                    <Unicode>to de saludar á la muy culta y gentil dama Amé¬</Unicode>
                </TextEquiv>
            </TextLine>
            <TextLine id="tr_1761663066_tl_3" custom="readingOrder {index:2;}">
                <Coords points="1227,1758 2286,1755 2286,1805 2197,1811 1227,1808"/>
                <Baseline points="1227,1803 1256,1803 1301,1806 1346,1806 1391,1803 1436,1803 1480,1806 1525,1806 1570,1806 1615,1806 1659,1803 1704,1806 1749,1806 1794,1806 1839,1806 1883,1806 1928,1806 1973,1803 2018,1806 2063,1803 2107,1803 2152,1806 2197,1806 2242,1803 2286,1800"/>
                <TextEquiv>
                    <Unicode>rica C. de Sanchez, digna esposa del estimado</Unicode>
                </TextEquiv>
            </TextLine>
            <TextLine id="tr_1761663066_tl_4" custom="readingOrder {index:3;}">
                <Coords points="1233,1803 2283,1803 2283,1853 2218,1859 1233,1853"/>
                <Baseline points="1233,1848 1277,1851 1322,1851 1367,1851 1412,1848 1456,1851 1501,1851 1546,1851 1591,1851 1636,1851 1680,1851 1725,1851 1770,1851 1815,1851 1859,1854 1904,1851 1949,1851 1994,1851 2039,1851 2083,1851 2128,1851 2173,1851 2218,1854 2263,1851 2283,1848"/>
                <TextEquiv>
                    <Unicode>caballero Don Eladio Sanchez, actual Secretario</Unicode>
                </TextEquiv>
            </TextLine>
            <TextLine id="tr_1761663066_tl_5" custom="readingOrder {index:4;}">
                <Coords points="1230,1847 1773,1850 1773,1900 1230,1897"/>
                <Baseline points="1230,1892 1274,1895 1319,1892 1364,1895 1409,1892 1453,1895 1498,1895 1543,1895 1588,1895 1633,1895 1677,1892 1722,1895 1767,1895 1773,1895"/>
                <TextEquiv>
                    <Unicode>de Hacienda y Comercio.</Unicode>
                </TextEquiv>
            </TextLine>
            <TextLine id="tr_1761663066_tl_6" custom="readingOrder {index:5;}">
                <Coords points="1265,1895 2274,1898 2274,1948 1265,1945"/>
                <Baseline points="1265,1940 1310,1940 1355,1940 1400,1940 1444,1940 1489,1940 1534,1943 1579,1940 1624,1943 1668,1943 1713,1943 1758,1940 1803,1943 1848,1943 1892,1943 1937,1943 1982,1943 2027,1943 2071,1940 2116,1943 2161,1943 2206,1940 2251,1940 2274,1943"/>
                <TextEquiv>
                    <Unicode>La Señora de Sanchez vino a buscar á su gra¬</Unicode>
                </TextEquiv>
            </TextLine>
            <TextLine id="tr_1761663066_tl_7" custom="readingOrder {index:6;}">
                <Coords points="1230,1940 2277,1943 2260,1996 1230,1990"/>
                <Baseline points="1230,1985 1274,1988 1319,1988 1364,1988 1409,1988 1453,1988 1498,1988 1543,1988 1588,1991 1633,1988 1677,1991 1722,1988 1767,1988 1812,1991 1857,1991 1901,1991 1946,1988 1991,1988 2036,1991 2080,1991 2125,1988 2170,1991 2215,1991 2260,1991 2277,1988"/>
                <TextEquiv>
                    <Unicode>ciosa niña Corrin, por cuyo notivo fué corta su¬</Unicode>
                </TextEquiv>
            </TextLine>
            <TextLine id="tr_1761663066_tl_8" custom="readingOrder {index:7;}">
                <Coords points="1227,1988 1713,1991 1713,2041 1227,2038"/>
                <Baseline points="1227,2033 1271,2033 1316,2033 1361,2036 1406,2033 1450,2033 1495,2030 1540,2033 1585,2033 1630,2036 1674,2033 1713,2036"/>
                <TextEquiv>
                    <Unicode>estada entre nosotros.</Unicode>
                </TextEquiv>
            </TextLine>
            <TextEquiv>
                <Unicode></Unicode>
            </TextEquiv>
        </TextRegion>
    </Page>
</PcGts>
