2479 3508
214 134 462 187 FEMINA
516 378 594 431 A
838 396 949 452 A
349 438 1806 494 Cosal masas á o. D.
1851 390 2107 488 en C.
1442 608 1910 661 DE CARPINTERIA
919 614 1406 667 TALLER MECANICA
525 620 779 676 ASERRAD
1364 629 1558 685 O DE
850 638 994 691 A
579 641 737 694 A
349 755 2212 817 Especialidades en Puertas de Panel, Puertas Persianas en maderas de Pino,
232 823 931 873 Pitch-Pine, Ciprés y Caoba.
352 916 2218 984 Muebles de lujo, en Maderas de Caoba y Forros de Cedro. Tenemos varios
238 985 1021 1037 estilos y a precios de situación.
349 1086 2083 1145 Camas en maderas de Caoba, Capá y Ciprés, extremadamente baratas.
343 1191 1913 1252 FABRICANTES de Velas Esteáricas, Velas de Sebo y Jabón Corriente.
352 1283 2224 1348 NO COMPRE Ud, sus muebles sin antes visitarnos, ni haga sus pedidos sin antes
238 1340 1946 1396 consultar nuestros precios. Siempre existencia en Maderas de Caoba y Capá.
292 1671 2167 1727 Calle 10 de Selembre. Esquina á Calle 14.
301 1988 2173 2041 COMPANIA DE MIELES DOMINICANA, C. bol A.
394 2140 2095 2196 Importadores. Exportadores Consignatarios.
1068 2247 1161 2297 E
364 2343 2137 2402 GRAN ESTACION DE DE PETROLEO CRUDO PARA COMBUSTIBLE
838 2430 1662 2482 EN SAN PEDRO DE MACORIS
307 2704 2185 2763 MELAZA, MIEL DE CANA. MIEL DE ABEJAS,
1047 2839 1447 2892 AZUCAR.
313 2952 2197 3008 FACILIDAD Y PRONTITUD EN EL SUMINISTRO DE PETROLEO
561 3036 1934 3089 A VAPORES QUE USAN ESTE COMBUSTIBLE.
579 3143 1925 3199 DIRECCION TELEGRAFICA BARNETT. San Pedro de Macorís.
579 3191 1928 3247 AGENCIAS en Santo Domingo, Azua, Puerto Plata, Monte Cristy.
