2479 3508
1505 101 2260 157 Archivo General de la Nación
1686 169 2086 228 HEMEROTICA
991 337 1728 396 ENA
609 498 2015 563 REVISTA DE LITERATURA, CIENCIAS Y ARTES
895 558 1743 625 CONSAGRADA A LA MUJER.
958 722 1689 781 DIRECTORA ADMINISTRADORA:
844 796 1800 858 PETRONILA ANGELICA GOMEZ
1140 862 1489 921 Maestra Normal.
1152 1023 1483 1079 REDACTORES:
841 1098 1794 1166 MARIA L. ANGELIS DE CANINO.
409 1161 2212 1229 PETRONILA A. GOMEZ, CONSUELO MONTALVO DE FRIAS.
319 1301 504 1363 Año 1
955 1304 1758 1366 San Pedro de Macorís. Mano 15 de 1923
2143 1313 2310 1369 ro 19
997 1468 1244 1521 E
1594 1474 2346 1530 N
477 1573 683 1629 2
1892 1594 2086 1650 2
844 1605 1845 1667 LA RELIGION CATOLICA
274 1656 1436 1718 E
376 1788 1289 1844 ¡La religión Católica, noble institución,
268 1832 1289 1894 legado sublime del hombre más grande,
268 1889 1280 1948 más noble, más humilde y santo que ha¬
280 1943 606 1993 podido existin!
376 1997 1274 2053 Por ella derramaron su sangre genero¬
271 2047 1274 2106 sa innúmeros mártires amparados en la su¬
274 2098 1286 2160 blime esperanza del eterno bien basados en
274 2158 1274 2211 razonamientos, que se fundan en las verda¬
271 2206 1286 2268 des eternas y en la sana Moral, sentimiento
271 2262 1283 2321 bendito que se anidó en nuestras almas el
271 2316 1018 2369 día en que vimos la primera luz.
382 2364 1277 2426 Santo Domingo es un pueblo hospita¬
268 2421 1280 2480 lario y libre en el cual, por un sentimiento
265 2477 1286 2530 liberal de nuestra ingenua raza ha existido
262 2531 1286 2584 siempre la tolerancia de cultos. Más, los
265 2585 1283 2641 naturales, de esta tierra santa, donde Dios
280 2641 1286 2691 puso el indice gigante para marcarnos el
262 2689 1280 2745 camino del bien, hemos profesado siempre
259 2740 1277 2799 la fé católica, no por imposición de nuestros
265 2791 1280 2850 gobernantes, ni maestros, sino por atavis¬
271 2850 1271 2906 mo, por idiosincracia, y por inclinación na¬
265 2901 1116 2960 tural de nuestros piadosos corazones.
385 2952 1283 3011 Amamos al Todopoderoso y creemos
265 3009 1289 3065 que el Cristo fué encarnado en la Santísima
271 3062 883 3115 Virgen por milagro divino.
379 3119 1280 3172 Y á qué dudar si quien ha creado el
265 3170 1283 3226 Universo con otras tantas maravillas, hemos
1331 1794 2346 1850 pensado desde luego, que es un ser superior
1334 1841 1600 1891 a nosotros
1433 1913 2340 1969 No hay acaso otros tantos misterios
1340 1964 2340 2020 que los sabios no han podido esclarecer y
1331 2015 2206 2073 nos resignamos á ellos tan fácilmente
1442 2083 2340 2145 Por qué pues establecer dudas que,
1331 2134 2346 2196 lejos de conducirnos á un fin lógicamente
1337 2185 2340 2250 solucionado nos presenta un desastroso des¬
1340 2241 1857 2297 moralizamiento social?
1439 2307 2340 2369 Hemos notado con asombro el modo
1328 2361 2340 2417 como se quiere introducir en nuestros ho¬
1334 2421 2343 2474 gares, una práctica religiosa que no es la
1328 2468 2340 2524 nuestra, dogmatizando y pretendiendo in¬
1331 2522 2340 2578 filtrar sutilmente en el ánimo de las perso¬
1331 2576 2337 2638 nas sugestionables, creencias infundadas,
1328 2630 2334 2686 toda vez que no se apoyan en los manda¬
1325 2683 2134 2739 mientos de la Santa Madre Iglesia.
1433 2749 2343 2805 Más, nuestras almas son ánforas de
1325 2800 2340 2856 fuego divino, y nuestros corazones hoguera
1325 2853 2340 2912 donde no se extinguirá jamás la santa llama
1322 2907 2337 2966 de la religión católica. Y no tenemos que
1328 2961 2340 3020 blandir la espada para defenderla, porque
1325 3012 2331 3071 tenemos por abogado á la santa madre de
1328 3068 1609 3121 cristo desús.
1552 3173 2277 3232 CONSUELO MONTALDO DE FRíAS.
