2479 3508
376 307 1931 375 La dea de la Casta¬
238 599 1134 664 La verdad es que la idea de aristocra¬
137 656 1146 712 cia y de casta corresponde á una realidad.
140 707 1152 769 del espíritu. Unos hombres poseen más
140 761 1158 829 penetración y más elevación que otros. La
143 814 1149 870 opinión de un solo hombre suele valer más
137 865 1140 924 que la de muchos millones de sus semejan¬
140 916 1158 975 tes. Unos cuantos hombres crean y for¬
137 973 1152 1032 mulan todas las ideas de que vivimos; la
146 1029 1155 1082 obra del espíritu es esencialmente iudividua¬
137 1083 1149 1139 lista. Los derechos políticos deben ser
137 1131 1158 1190 iguales, y los bienes terrestres deben ser
137 1185 1155 1241 más o menos comunes, porque lo mismo lo
137 1238 1155 1297 aprovecha un zafio que un refinado. Cual¬
146 1292 1152 1351 quie á puede llegar á ser refinado en el gus¬
146 1349 1161 1405 to de lo físico. Pero los tesoros espirituales
146 1397 1167 1455 están cerrados con doble puerta para todos
146 1441 1155 1509 los que no se resuelven á emprender la ini¬
146 1504 1146 1560 ciación necesaria. La idea de crear y puri¬
146 1555 1161 1614 ficar, y en seguida conservar una casta, es
152 1617 1155 1667 tan fundamental en todas las sociedades,
155 1668 1155 1721 que constantemente la vemos reaparecer,
152 1722 991 1772 aun en las más exaltadas repúblicas.
247 1770 1170 1826 Esto no quiere decir que las sociedades
149 1823 1167 1876 modernas hayan hecho mal destruyendo las
152 1871 1155 1933 viejas aristocracias feudales. Estas aristo¬
152 1931 1155 1984 cracias, fundadas en injusticias y prejuicios.
152 1982 1161 2035 tenían que desaparecer. En lo que se ha
149 2032 1161 2094 hecho mal es en sustituirlas con las aristo¬
158 2086 1167 2148 cracias contemporáneas del dinero, más
149 2140 1161 2196 ruines aun que sus antecesoras e igualmente
164 2194 1176 2250 tiránicas. Cuando se logre acabar con esta
164 2244 1155 2303 nueva casta opresora, se á conveniente re¬
149 2301 1170 2354 cordar que la idea de aristocracia necesita
152 2355 1155 2411 fundarse en nuevos elementos. Hasta hoy
158 2409 1170 2462 se han probado tres clases de aristocracia:
182 2459 1161 2515 a sacerdotal, que se funda en la hipótesis
155 2513 1158 2566 de que unos cuantos hombres organizados
158 2564 1167 2620 en casta poseen el secreto de las verdades
158 2624 1167 2674 divinas y deben, por lo mismo, reglamentar
158 2677 1158 2730 la conducta de los demás y hacerse servir y
164 2728 1167 2781 obedecer. Esta suerte de aristocracia, por
167 2776 1164 2832 más que en determinadas pocas haya ser¬
164 2833 1167 2886 vido para conservar ciertas prácticas de
164 2886 1170 2942 moral y de cultura, es, sin embargo, conde¬
161 2940 1176 2996 nable, porque acaba por ser un estorbo para
164 2994 1176 3047 el progreso y una carga para los pueblos.
155 3048 1167 3103 La guerrera, que se funda en la violencia,
155 3098 1167 3151 y á veces ha servido para organizar Esta¬
155 3149 1161 3211 dos, pero acaba siempre por constituir des¬
1188 799 2209 861 rrestre, muy dificil será que nos libremos de
1194 847 2197 915 las aristocracias guerreras, que constante¬
1191 907 2197 969 mente están formándose y discregándose.
1194 958 2203 1023 Finalmente, la aristocracia burguesa con¬
1185 1005 2200 1070 temporánea se ha desarrollado hipócrita¬
1200 1059 2197 1127 mente, al amparo de un vacío de los precen¬
1200 1113 2206 1181 tos liberales; vacío que consistió en no cas¬
1197 1167 2212 1232 tigar como un delito el acaparamiento de
1194 1220 2209 1285 fortunas, con menoscabo de las necesidades
1197 1274 2203 1339 ajenas. No parece probable que sobreviva
1200 1325 2209 1393 a los tiempos de lucha que corren. Cuando
1194 1382 2215 1447 ella desaparezca, vendrá el aplanamiento
1194 1432 2212 1497 democrático, que intenta hacer iguales á to¬
1203 1485 2200 1551 dos los hombres como si fuesen sociedades
1561 1537 2206 1602 Seguramente que no. Nue¬
1200 1552 1519 1605 de hormigas?
1200 1591 2206 1658 vos caracteres servirán de base a distincio¬
1203 1650 2215 1712 nes nuevas, y acaso veremos la casta de
1206 1698 2218 1766 que ya tanto se ha hablado, la casta de los
1206 1749 2212 1817 intelectuales, gobernando y dominando
1209 1806 2209 1870 sobre todas las demás. Pero el poderío de
1209 1859 2203 1924 esta casta será breve y vano, si quiere go¬
1206 1916 2215 1978 bernar el mundo conforme á una ciencia
1206 1964 2209 2032 limitada y empírica. Una casta así, ins¬
1209 2026 2218 2082 truida e inteligente, pero sin ideal superior,
1206 2071 2218 2136 nos llevaría á hacer del mundo una gran
1206 2122 2212 2187 China, comunista, y gobernada por ilustra¬
1206 2176 2218 2241 dos mandarines, pero á la postre corrompi¬
1209 2229 2224 2294 da, decadente y famélica, como la China
1206 2298 1367 2351 actual.
1316 2340 2227 2405 Cuál es, pues, esa aristocracia que no
1215 2391 2221 2456 corrompe sino que eleva, que no oprime
1212 2444 2224 2509 sino que salva y orienta á los pueblos? La¬
1209 2498 2218 2563 respuesta es muy fácil; esa aristocracia be¬
1212 2555 2224 2614 éfica es la de los hombres y mujeres que
1215 2600 2218 2665 viven para el espíritu. Y sacrifican los go¬
1215 2659 2224 2721 ces de la carne á los goces del espíritu.
1218 2716 2218 2775 Puede un hombre deslumbrar á la sociedad,
1218 2773 2230 2829 y ganarse todos los honores y todo el poder;
1221 2818 2227 2889 pero, observadlo; si aprovecha su triunfo
1221 2874 2227 2939 para enriquecerse como el burgués, para
1221 2928 2230 2990 entregarse á los placeres vulgares de la
1218 2985 2227 3041 mesa y el traje, del amor y de la vanidad,
1218 3030 2224 3092 ese hombre no es un aristócrata, es un ad¬
1224 3086 2233 3145 venedizo y un plebevo. Porque es propio
1689 3149 2197 3202 Concluye en la página sexta.
