2479 3508
149 259 2266 327 EL RETRATO DE JUAN CINTRON.
247 414 1185 473 A principios del siglo pasado fué á los
140 471 1179 530 Estados Unidos un rico propietario de Ya¬
149 528 1182 584 bucoa, pueblo situado en una de las mas
152 578 1179 637 fértiles vegas de la costa Este de Puerto
149 629 1176 691 Rico. Permaneció algunos años en la na¬
149 689 1179 745 ciente y ya gran república americana, en la
143 743 1188 799 época en que llegaba á su apogeo la fama
149 796 1179 855 de lorge Washington, el gran caudillo y
149 850 1188 906 estadista del Nuevo Mundo. Veíase allí
149 907 1182 966 por todas partes el retrato de Washingtong
152 958 1182 1020 en primorosos grabados sobre acero y co¬
155 1017 1185 1073 bre, en artísticas miniáturas, tan en boga
149 1071 1179 1127 en aquel tiempo, y en grandes cuadros pin¬
155 1131 961 1181 tados al óleo por artistas de fama.
262 1179 1191 1232 El propietario puertorriqueño, que era
149 1232 1194 1288 hombre de buen juicio, participó bien pronto
149 1289 1185 1342 del entusiasmo de los norteamericanos por
152 1343 1191 1399 sus gloriosos héroes, y al regresar á su país
152 1397 1194 1449 en vísperas de año nuevo, nada le pareció
161 1453 1194 1509 mejor ni mas propio para traer de regalo á
149 1507 1194 1560 su anciano padre, que un buen retrato del
155 1561 1197 1617 hombre mas grande en la guerra, mas
158 1611 1200 1673 grande en la paz y mas querido de sus con¬
155 1674 522 1730 ciudadanos.
262 1728 662 1781 La llegada del
155 1782 653 1835 viagero y del retrato
155 1835 656 1891 se celebró en Yabu¬
155 1889 656 1945 coa con gran acon¬
164 1943 665 1999 tecimiento, y la
161 2003 653 2053 magnífica pintura fué
173 2050 665 2106 puesta en el sitio de
164 2110 662 2166 honor de la sala, en
164 2167 653 2217 medio de dos gran¬
167 2218 659 2271 des ramas de palma.
167 2274 662 2327 bendita, entretejidos
161 2325 659 2378 con primor, y coro¬
167 2382 665 2438 nados por la Santa¬
170 2435 295 2491 Cruz.
277 2492 659 2545 A cuantas per¬
167 2549 665 2602 sonas visitaban la
167 2597 668 2653 casa en aquel tiempo
173 2656 665 2706 se les mostraba con
167 2710 659 2760 orgullo la noble efi¬
170 2770 662 2820 gie, y se les refería,
167 2821 671 2877 a grandes rasgos, las
176 2880 662 2933 proezas, méritos y
173 2925 668 2981 virtudes de longe
182 2982 480 3035 Washington.
286 3042 671 3092 Mas tarde, el
173 3089 671 3145 mismo que había
176 3146 662 3199 traido el retrato re¬
179 3203 674 3256 solvió irse á vivir á
1233 390 2266 464 los Estados Unidos, dominado por los a¬
1233 456 2269 518 tractivos de aquella nacionalidad libre y
1233 504 2260 575 grande. Antes de despedirse contó de nue¬
1230 558 2271 623 vo á sus parientes la biografía del héroe
1233 614 2269 682 americano, y hasta dejó escrito en el revés
1230 677 2000 736 del lienzo el nombre del original.
1340 725 2274 790 Habíase acostumbrado ya el anciano
1236 779 2277 852 vabucoeño á pronunciar el nombre de
1244 835 2271 900 Washington con el acento prosódico inglés;
1244 892 2271 957 pero al morir se llevó consigo la buena'y
1238 943 2271 1011 lesítima pronunciación de dicho nombre.
1236 993 2274 1061 Sus hijos leveron el rótulo, pero como la
1247 1050 2280 1121 pronunciación castellana hacía aguda las
1233 1110 2271 1172 últimas palabras finales de aquella forma,
1238 1158 2271 1229 cuando no tienen acento en la sílaba ante¬
1247 1214 2271 1285 penúltima, pronunciaron desde entonces
1247 1280 1531 1333 Washintón.
1343 1319 2269 1387 Andando el tiempo se dividió la fami¬
1238 1382 2277 1444 lia; hubo con tal motivo reparto de muebles;
1247 1435 2280 1503 y en la mudanza se rasgó un poco la tella
1244 1483 2286 1557 del retrato. El nuevo dueño remendó como
1250 1540 2280 1611 pudo este desperfecto pegándole un parche
1244 1591 2280 1664 de cretona por el revés, con lo que desapa¬
1238 1650 2283 1721 recció el nombre del original, quedando solo
1788 1704 2280 1760 en la memoria de los
1785 1764 2280 1820 herederos del retrato.
1892 1814 2280 1870 En el inventario
1788 1871 2277 1927 de la testamentaría,
1785 1925 2286 1978 el Notario escribió el
1785 1973 2280 2035 nombre del héroe co¬
1794 2032 2289 2088 mo lo pronunciaban
1788 2086 2289 2145 los herederos, y en
1791 2143 2280 2193 vez de Washington
1794 2200 2286 2253 puso Guasintón.
1791 2253 2280 2309 Una nueva corrupte¬
1785 2307 2295 2360 la separó mas tarde
1797 2361 2292 2417 esta palabra en dos
1788 2415 2289 2474 mitades, como si
1791 2471 2289 2530 fueran nombre y ape¬
1791 2525 2292 2584 lido, y cambió la S
1791 2585 2295 2635 en C. siguiendo un
1794 2636 2289 2691 vicio de pronuncia¬
1791 2689 2295 2745 ción muy frecuente
1791 2749 2298 2799 en el país. De este
1791 2803 2301 2856 modo, el que resultó
1800 2856 2298 2909 ser dueño del cuadro
1803 2913 2301 2963 a mediados del siglo
1809 2955 2298 3023 IK, decía que era
1797 3021 2304 3074 el retrato de Gua¬
1809 3080 1997 3130 Cintón.
1922 3128 2292 3187 Tuvo el tal he¬
925 3188 1543 3238 MANUEL FERNANDEZ JENTOS.
