2479 3508
295 193 498 246 Página 5
244 301 1271 363 después, una hija inteligente y avispada; la
247 352 1256 419 mando á estudiar á un colegio de San Juan,
247 408 1259 470 y cuando ella regresó á Yabucoa sabía casi
253 462 1256 521 tanto como el pueblo entero. Notó con de¬
238 513 1262 575 sagrado los defectos de pronunciación de
256 567 1268 625 sus vecinos y empezó a corregirlos por su¬
247 623 528 676 propia casa.
352 674 1259 736 Al oir que su padre hablaba un día del
247 725 1253 790 retrato de Gua Cintón, le interrumpió cari¬
244 776 519 834 ñosamente.
406 826 1265 891 Papá, no digas así, que te oven los
244 883 1262 945 muchachos, y lo que en tí es descuido o
253 940 1256 999 broma se convertirá pronto en vicio general.
397 985 1116 1052 Y como he de decir, hija mía
397 1035 1265 1106 Pues como Dios manda.... Gua, no
247 1089 1256 1163 es nombre de cristiano. Falta la n final, y
247 1149 1259 1211 hay que aspirar la primera letra. No se
256 1205 1268 1261 pronuncia Gua, sino Juan, como se lee en
250 1253 558 1309 el calendario.
400 1304 1259 1369 Puedes creer que no se me había
244 1358 1262 1423 ocurrido eso, pero está bien. Le llamare¬
247 1411 662 1470 mos uan Cintón.
388 1462 1265 1530 Tampoco así se pronuncia el apelli¬
244 1519 1259 1581 do. Falta una r. No es Cintón, sino Cin¬
244 1573 361 1629 trón.
400 1623 1247 1688 Lo cierto es que suena mejor así co¬
250 1680 1265 1739 mo tú dices; pero ese retrato vino de afuera
241 1728 1253 1796 y el nombre lo pronunciaban de otro modo.
397 1785 1262 1847 Porque allá no pronunciaban bien el
247 1838 498 1894 castellano.
406 1892 1262 1951 Tienes razón, muchacha. Veo que
244 1943 832 2005 sabes mas que las niguas.
403 2000 1068 2059 Gracias por la comparación.
379 2044 1259 2109 —Cintrón. Cintrón!....—quedó repi¬
247 2104 1250 2166 tiendo el padre, como si recordará un nom¬
244 2158 1256 2217 bre conocido— ¡Ahora caigo! De modo que
244 2212 653 2271 ese retrato es.
388 2262 1253 2324 El de Juan Cintrón que en paz des¬
238 2316 400 2375 canse.
2018 208 2274 261 Fémina
1388 304 1809 372 —Y quien era él,
1424 355 2310 428 —Probablemente el abuelo de los Cin¬
1304 417 1456 473 trones.
1439 465 1827 530 —De los de aquí?
1436 519 1827 581 —De los mismos.
1874 528 2313 584 Tal vez sea el Cin¬
1301 575 2322 640 trón aquel riquísimo del siglo pasado, que
1304 626 1895 691 dicen fundó el pueblo.
1418 686 2310 742 Quedóse el padre sorprendido del ta¬
1301 737 2316 796 lento y la penetración de su hija, y exclamó
1304 790 1815 846 al fin con entusiasmo:
1465 847 2313 900 ¡Dios te bendiga, muchacha, que has
1307 895 1836 948 hablado como un libro!
1409 943 2310 1005 Corrió por el pueblo la noticia, se elo¬
1307 1002 2310 1058 gió mucho la perspicacia de la joven, se hi¬
1301 1047 2304 1118 cieron sacar y repartir copias del retrato, y
1301 1107 2307 1163 todos los vecinos acudieron de nuevo á con¬
1307 1161 2310 1220 templarle, hallando en él muchos puntos de
1304 1211 2310 1270 semejanza con individuos de la numerosa
1304 1265 1806 1321 familia de los Cintrón.
1547 1318 2307 1378 a popular y famoso en Yabucoa
1301 1370 2313 1429 el retrato de Juan Cintrón, fundador del
1313 1423 2304 1482 pueblo, cuando llegó de Boston un joven¬
1307 1474 2307 1536 Cintrón, nieto de aquel que á principios del
1301 1528 2307 1590 siglo anterior había trado el retrato. Reco¬
1304 1585 2307 1641 noció al instante el busto del gran patriota,
1304 1644 2307 1697 y pronunció su nombre con veneración; le
1304 1692 2313 1748 corrigió la muchacha, insistió él, se deshizo
1304 1743 2307 1799 por fin el donoso quid pro quo, y se le res¬
1310 1794 2310 1853 tituyó al original del retrato su verdadero
1298 1847 1865 1903 nombre de Washington.
1403 1901 2307 1960 Desde entonces, cuando algún vecino
1301 1952 2310 2011 de aquella hermosa comarca encuentra en
1295 2006 2267 2065 libros o periódicos la estampa del ilusta
1304 2062 2307 2118 fundador de la gran República, suele decir,
1304 2113 2301 2169 en tono de broma, recordando la equivoca¬
1304 2167 1668 2220 ción del cuento:
1412 2218 2254 2276 Aquíestá el retrato de Juan Cintrón.
1594 2328 2251 2381 MANUEL FERNANDEZ JUNCOS.
337 2722 1143 2775 . No rompas el silencio de la aurora.
340 2761 1256 2817 Está bordando el sol radiante su disco de
238 2803 1247 2859 oro para coronar la sombra. De sus manos lige¬
244 2847 1256 2906 ras se escapan los matices que ponen la dulura¬
244 2889 1247 2951 en las pupilas. Ya se balancea, y palidecen los dia¬
247 2937 1250 2993 mantes de la tierra se inclina, y sus labios se¬
241 2982 1250 3041 dientos recoien en las hojas de las rosas el beso
241 3027 567 3086 de la noche.
334 3071 1259 3127 Con su traje de antorchas se adelanta el
238 3113 1253 3172 día, enciende el ramaje de la selva y en rumor de
247 3161 1032 3220 voces gigantes despierta la Vida.....
1382 2719 2307 2775 El sol, cernido sobre el ancho mar, quiere.
1298 2767 2307 2820 arrojar su corona de destellos, y crespadas las
1301 2809 2310 2865 las abrazan la imagen perdida en el palpitante,
1295 2853 1880 2912 seno infinito del abismo.
1397 2904 2307 2966 Ven... Toca el ensueño.... Teje una cesta
1304 2958 2307 3011 para el aquí están los hilos de oro, un poco de
1301 3003 1901 3056 Sol, y un poco de sombra.
1907 3080 2218 3133 DELIA WEBER.
1785 3161 2242 3217 Santo Domingo, 1922
536 2563 1937 2626 - No Rompas el Silencio...
