2479 3508
152 1994 1200 2047 de burgueses y de plebeyos el afán y la
158 2047 1185 2106 preocupación de las fortunas terrestres.
155 2104 1194 2157 Tan vulgar es el rico preocupado por el
158 2152 1182 2214 buen parecer y la sensualidad, como el vi¬
161 2209 1182 2268 llano que lo envidia. La aristocracia con¬
155 2265 1188 2321 siste en saber despreciar lo despreciable y
119 2313 1188 2378 estimar lo estimable. Aristocracia es deco¬
158 2370 1188 2429 ro y elevación del alma. Y en nada se re¬
164 2427 1197 2482 vela esta superior cualidad, de una manera
161 2477 1194 2536 tan patente, como en la suerte de goces
164 2537 1194 2596 que un hombre ama. A la hora cruel de
164 2591 1200 2650 la urgente necesidad primitiva, todos somos
155 2647 1191 2700 casi iguales; pero en la forma de gozar y en
161 2695 1188 2754 la forma de ambicionar, todos somos dis¬
161 2761 1194 2811 tintos. Si ambicionamos dinero y poder,
164 2812 1191 2865 somos vulgares, porque eso mismo ambi¬
164 2865 1185 2921 ciona la inmensa mayoría del género huma¬
161 2922 1200 2975 no, y nuestro sueño de grandeza es igual al
167 2976 1200 3032 del último lacayo. Si ambicionamos ser
176 3033 1197 3083 justos, si ambicionamos llevar á la práctica.
164 3086 1200 3142 un ideal, si gozamos entrañablemente con
161 3143 1209 3199 la contemplación de la naturaleza, con el
161 3200 1197 3256 arte sublime, entonces seremos aristócratas,
1241 1770 2277 1835 ya sea que en el mundo dominemos como
1241 1832 2128 1888 señores o trabajemos como labriegos.
1343 1880 2277 1945 Para quien no es, o no se empeña en
1238 1937 2274 1999 hacerse, de estos elegidos, hállanse cerra¬
1236 1991 2274 2056 das las puertas de la verdad y las fuentes
1238 2041 2277 2106 de la eterna dicha. Tal es el fondo de en¬
1241 2104 2283 2163 señanza, indudable, que se encierra en la
1238 2158 2280 2217 doctrina de la casta indostánica, en la doc¬
1275 2212 2283 2270 una de la gracia cristiana, en todas las
1241 2262 2280 2327 doctrinas de depuración y selección de esta
1238 2316 2283 2381 cosa turbia que es nuestra conciencia. El
1236 2373 2277 2441 siervo, que al caer de la tarde, detiene el
1244 2424 2277 2497 arado y participa de la unción de un cre¬
1244 2483 2277 2554 púsculo en campo abierto, es más aristócra¬
1241 2543 2289 2602 ta que el dueño de la finca que pasa, y no
1247 2597 2292 2659 detiene su automóvil, porque lo espera rica
1244 2656 1677 2712 cena en la ciudad.
1758 2764 2233 2826 IOS VASCONCELOS.
1244 2880 1943 2933 (Del Ateneo de Honduras
1265 3024 2277 3074 SOLUCION A LA CHARADA NO. S:
1459 3128 2065 3187 CALAMAR.
286 1814 1053 1867 La Idea de la Casta.
367 1889 976 1945 Conclusión de la segunda página.
994 1552 1433 1611 ELISA TAVAREZ
832 1608 1591 1661 Notable Pianista Puertorriqueña.
2024 116 2218 172 Página 6
