2479 3508
316 193 513 246 Página 7
585 346 2021 411 Lo Irremediable.
379 552 1301 611 La tarda es de color gris: allá Oriente
271 602 618 655 finge un tinte.
382 653 1292 712 Las nubecillas color de tierra, son pe¬
268 710 1289 769 queñísimas cual barrillas de plomo. Corre
274 761 1283 820 un aire suave, leve y seco igual a aquel
277 814 1280 873 que anuncia un acontecimiento algo fu¬
274 868 1292 924 esto. El horizonte canta allá á lo lejos
274 922 1289 978 la ya cercana vecindad del día, y de entre
271 973 1283 1032 las rocas, una enorme sombra surje, ame¬
268 1026 1134 1085 nazando la frágil barca que navega.
382 1083 1286 1139 Mas hay un instante de calma para
271 1137 1268 1193 aquel que surca las aguas con los remos y
274 1193 1289 1243 piensa Quizás no sea nada, tal vez esos
271 1238 1289 1297 remolinos en el fondo, sea una enorme ba¬
268 1292 1286 1354 llena que alegre juguetea en su lecho,
277 1343 1286 1402 pero ese airecillo tan seco qué anunciará
277 1399 1286 1458 Dios mío? Esas nubecillas tan pequeñitas
268 1453 973 1512 son señales de bonanza.
1032 1459 1289 1509 Pero ¿qué
271 1501 1274 1566 madre mía, el agua se está enturbiando y
274 1555 1283 1617 subiendo á la ligera icorremos peligio
268 1608 1280 1670 barca mía! De pronto se acrecienta el
271 1665 1283 1724 aireccillo y convertido en vendaval, se hace
268 1716 1280 1775 temeroso pero la barca avanza.... el vien¬
268 1770 1271 1829 to por el momento es favorable para él y
271 1823 1274 1876 no hay temor. Uno, dos, tres instantes y
274 1877 1277 1933 las olas se encrespan, se corvierten las
271 1928 1280 1984 nubecillas en nubarrones, y la masa movi¬
277 1982 1280 2041 ble de inmensa agua, se arremolina al re¬
271 2035 1277 2094 dedor de la barca y se convierte el corazón
274 2086 1280 2148 del pobre barquero, en urna de terror!!
271 2146 1173 2202 ¿Qué haré Dios de misericordial
271 2191 1283 2253 viento á mi regreso me es contrario y me
271 2247 1274 2306 iría á las agnas seguro y prosigue, creven¬
268 2301 1280 2363 do salvar la playa opuesta á su hogar.
295 2358 1280 2414 Ayanza barquero, ayanza que la orilla
262 2406 1277 2459 está lejos le grita una voz interior. Si
271 2462 1274 2515 tardas diez minutos, te perderás irremisible
265 2501 785 2566 en esa enorme masa
379 2573 1277 2632 El barquero acrecienta su terror y
268 2624 1122 2677 lanza la vista al mar. ¡Qué horror!
379 2680 1274 2733 Mas un remazo, otro y otro, y las olas
265 2728 1277 2784 lo elevan á dos metros vuelve á su sitio.
268 2764 1280 2838 Dios del inmenso poder—exclama de ro¬
268 2836 1274 2889 dillas en su humilde barcaqué he de
271 2889 1274 2942 hacer en mis últimos momentos no he he¬
268 2943 1268 2996 cho nada malo en esta vida, no tengo re¬
271 2997 1274 3050 mordimientos, soy pobre de riquezas pero
265 3050 1274 3103 rico de virtudes; pero aquí en este sitio te
271 3104 1277 3163 pido perdón por lo que hiciere crevendo
265 3158 1271 3214 que era bueno; falté á tu mandato y te¬
1328 555 2340 611 encargo á mi esposa e hijo; no tengo bie¬
1334 608 2337 664 nes que hereden porque mi barca se hará
1325 662 2343 718 añicos; pero le dejo mi nombre y á tí te
1334 716 1522 766 encargo
1549 722 2340 772 para que no les falte el pan
1337 752 1510 820 N
1433 820 2337 876 Un oleaje, un movimiento y la ya in¬
1334 874 2337 930 vencible mole cubrió con su manto la bar¬
1325 925 2340 984 ca, que como un punto blanco se vé allá a
1325 982 1522 1032 lo lejos.
1433 1029 2337 1088 Otra se divisa, que luchando con las
1325 1083 2331 1142 olas viene en pos de él que rindió su jor¬
1334 1140 2340 1196 nada, pero demasiado tarde; media hora
1334 1193 2328 1246 antes se hubiera salvado el pobre bar¬
1334 1244 1477 1300 quero.
1436 1298 2343 1354 Al día siguiente; un cadáver en la
1328 1349 2340 1408 blanca arena, dos personajes fija la mirada
1340 1411 2188 1464 y los ojos bañados en lágrimas....!
1854 1510 2292 1569 HAYDE C. RIVERA.
1325 1591 1815 1647 26 de Abril de 1923.
1382 1776 2024 1835 HOMENAJE
1731 1856 2286 1912 A DIOS
1385 1946 2283 2008 Natura siempre es bella, siempre hermosa,
1382 1991 2101 2047 d hoy cual luce su cabello de oro
1376 2035 1731 2088 el arrogante Sol
1373 2080 2131 2136 como aroman las rosas en sus tallos.
1379 2125 1979 2178 y como la azucena candorosa
1373 2170 1901 2226 á todos brinda amor
1373 2259 2042 2321 Volved el rostro; ved al avecilla
1376 2310 2068 2366 como brinda su canto al Hacedor.
1373 2355 2107 2411 como admira sus obras, y mancilla
1376 2400 2137 2462 con sus malifinos trinos armoniosos
1373 2444 2116 2500 al que vive abartado de su amor
1367 2534 2128 2596 Contemplad esa palma: magestuosa;
1376 2585 2003 2638 semejante a gigante pebetero.
1376 2630 2033 2683 ella desfora su beldad de diosa
1379 2674 2161 2727 a los pies del Señor con gran esmero.
1376 2770 2143 2826 Cada ser que en Natura vive y siente
1379 2818 2039 2868 de dedica sus gracias al Creador
1373 2862 2274 2915 porque el hombre, apesar de ser consciente
1376 2907 2074 2963 lamenudo rehuve de su amor.
1931 3059 2125 3115 (Violeta,
1776 3003 2230 3059 CE. M. DE CRUZADO.
1379 3158 1970 3217 San Cristóbal Abril de 1923.
