2479 3508
179 137 447 190 Femina
2018 125 2209 181 Página 2
274 1985 1182 2050 SRTA, AMERICA A. ORDOREZ.
334 2018 1095 2076 suave y delicada por de los verre es macorisanos
1659 2009 2233 2062 De "Feminismo Internacional
423 2310 1125 2372 Versión de Maz Henriquez Ureña.
229 2131 859 2196 LA VIDA DE
468 2218 1343 2276 LOS MUERTOS.
1456 2128 1925 2181 TARDE DE
1809 2200 2176 2250 LLUVIA.
197 2409 1200 2471 Cuando sobre nosotros la cruz triste y piadosa
200 2459 1238 2515 planten pues va la tierra nos habrá sepultado¬
206 2498 994 2560 revivira tu cuerpo en un lirio nevado.
206 2546 1104 2608 naciendo de mi carne una sangrienta rosa.
203 2618 1125 2686 Y en su fúnebre vuelo de olvido, silenciosa,
208 2659 1131 2727 asa Muerte divina, que tu verso ha cantado,
206 2713 1149 2775 mos trazará en el cielo, con lento rimo alado,
203 2755 1122 2817 hacia los astros nuevos, una senda radiosa¬
206 2827 1167 2886 Y llegando hasta el sol, en su fragua viviente
208 2880 1236 2936 irán nuestros espíritus a fundirse en la adiente
203 2919 1143 2978 felicidad que irradian las llamas de esa pira¬
203 2997 1179 3059 Al par que, consagrando al cantor o al amigo,
203 3042 1050 3095 mos dejará la Gloria vivir bajo su abrigo¬
203 3089 1316 3148 con las sombras augustas que hizo hermanas la lira.
1391 2274 1791 2327 Tiende su cortina
1403 2325 1767 2381 gris de muselina¬
1400 2370 1767 2423 la luvia remeda
1400 2415 2227 2471 blando lloro el agua sobre los cristales:
1397 2459 1734 2518 patalos de seda¬
1391 2504 1773 2560 Moran los rosalos
1400 2546 2063 2605 y en la lejanía la ciudad parece
1397 2600 2176 2653 un paisaje al lapiz que se desvanece.
1391 2695 1824 2748 Ilusión, que un día
1391 2746 1854 2796 fuiste en mi sombría
1400 2788 2167 2841 vida, como un ravo de sol luminoso
1400 2833 2140 2889 hoy en esta tarde palida, te siento
1397 2877 1874 2930 entre el quelumbroso
1400 2925 1779 2978 sibido del viento.
1400 2970 2137 3023 como la tristeza de un eco perdido
1397 3018 1937 3068 que acaricia un momento
1397 3065 1650 3118 mi oido.
752 3191 1307 3247 JOSE MARíA DE HEREDIA.
1731 3146 2176 3199 ROSARIO SANSORES.
1337 235 2260 285 ULTIMAS NOTICIAS.
1450 301 2134 357 El voto femenino en San Luis Potos, México.
1439 414 2260 467 El Gobernador del Estado de San
1325 465 2257 527 Luis de Potosí, México, hombre mo¬
1325 522 2254 578 derno y progresista, inició que le fue¬
1322 575 2266 634 ra concedido el voto á la mujer en
1325 629 2254 688 aquel Estado. La iniciativa tuvo mu¬
1331 689 2263 742 chos opositores; pero finalmente la
1331 740 2260 799 Comisión que había hecho el dictamen
1325 790 2263 852 adverso, lo aprobó después de haberlo
1328 847 2251 909 sujetado á algunas reformas. La mi¬
1325 907 2257 960 nuta del decreto que se envió al Sr.
1325 955 2260 1014 Gobernador de San Luis de Potosí dice
1322 1011 2269 1070 así respecto á lo que se refiere al voto
1322 1068 2257 1124 femenino: "Por lo que respecta á la
1325 1122 2260 1178 mujer, solo podrán votar las mayores
1331 1176 2260 1235 de edad que sepan leer y escribir. Co¬
1334 1232 2260 1291 menzarán a ejercer este derecho y el
1331 1286 2269 1342 de ser elegibles, hasta las elecciones
1334 1340 2263 1405 que se verifiquen, después del 31 de
1328 1388 2266 1452 Julio de 1924 y solamente en eleccio¬
1331 1447 2266 1506 nes municipales. Hasta después del
1325 1507 2266 1560 31 de julio de 1925 se hará extensivo
1334 1558 2266 1611 el derecho de voto activo y pasivo de
1331 1611 2266 1670 la mujer á los demás actos del su¬
1337 1665 1507 1724 fragio.
1468 1722 2271 1778 Las mujeres que formen parte
1334 1779 2269 1835 de asociaciones religiosas, las asiladas
1334 1829 2269 1882 y educandas en colegios por miembros
1331 1883 2266 1942 de esas asociaciones no tendrán dere¬
1331 1949 1636 2002 cho al voto.
