2479 3508
337 196 531 252 Página 9
883 325 1812 384 HERMOSA EPISTOLA
292 561 626 625 Ne York City
292 617 623 676 Abril de 1923.
307 689 1316 754 Muy distinguidas señoritas y finas compañeras:
382 737 1304 796 He tenido el placer de recibir la atenta de
292 776 1307 840 das, asi como los ciemplares de su interesante
286 820 1307 885 revista amina, es una patente demostración
289 865 1316 930 de las atitudes de ds que se unen en eficaz
295 913 1301 975 compañerismo auna sola finaligad, la de ser úti¬
295 958 1310 1020 les á su sexo al que entregan por medio de su
298 999 1307 1061 periódico, como ofrenda todo lo que encierra su¬
295 1044 1307 1106 espiritin de hallo y de bueno, Permitanme que¬
292 1089 1292 1151 las felicite muy sinceramente por sus nobilísi¬
298 1131 1307 1196 mos esfuerzos y por su desinteres que ha asegu¬
301 1179 850 1235 rado el triunfo de su obra.
391 1220 1298 1279 en con gusto el cange entre nuestras re¬
292 1262 1298 1327 vistas. Es un deber nuestro el ayudarnos mu¬
295 1304 1301 1372 tamente, Mucho les agradecemos las lineas.
286 1355 1310 1417 que le dedican á nuestra labor, y la propaganda
292 1399 1286 1458 que le han hecho desde las columnas de su pe¬
292 1438 1298 1506 riódico a aminismo Internicional. A mi vez.
292 1486 1298 1548 tendra gran satisfacción refriéndome a Pámi¬
295 1534 1301 1590 ma y a las que con tanto acierto la dirijen. Ten¬
289 1576 1304 1638 gan la bondad de remitirme sus clichés, para
289 1617 1295 1679 lustrar mi resea con los retratos de de Con
289 1662 1304 1724 todo gusto publicaremos siempre los clichés de
295 1710 1313 1772 las damas dominicanas que hayan hecho alguna¬
286 1752 1298 1814 obra digna de mencionarse, y que sirva de esti¬
295 1800 1298 1856 mulo a nuestro sexo. Los clichés que nos en
295 1841 1307 1900 en, vendrán en calidad de prestados, y se los
286 1886 1304 1948 devolveremos inmediatamente después de ha¬
1349 501 2370 563 berlos usado. Porque pueda ser que tengan que
1358 540 2370 605 volver a hacer uso de ellos en alguna otra oca¬
1352 590 2373 649 sión. Baio estas mismas condiciones, ponemos
1355 635 2364 697 a su disposición los clichés que nosotros semos.
1355 683 2370 739 menos aquellos que pertenercan á las personas
1358 728 2033 781 que aparecen en nuestra revista.
1442 773 2361 826 Debo participarles a Uds, que la Liga In¬
1361 814 2361 870 ternacional de Mujeres bricas e Hispanoame¬
1364 856 2367 915 ricanas, es una alianza entre todas las mujeres
1358 904 2361 960 de habla castellana, mujeres consciontes, de pen
1355 949 2373 1008 samiento y de corazón, y progresistas, pero que
1361 987 2358 1046 konocen y saben defender los intereses de su
1355 1035 2367 1088 hogar de su patria y de su sexo. Y desde el
1358 1080 2367 1133 momento que Uds poseen todos estos requísi¬
1358 1125 2367 1181 tos que se requieren para ingresar a la Liga, me
1349 1167 2361 1223 es muy grato manifestarles que han sido desig¬
1349 1211 2370 1270 nadas para tener la representación de nuestra
1358 1256 2361 1312 sociedad en esa República. Por lo tanto, les su¬
1358 1301 2358 1357 plico atentamente se sirvan aceptar dicha repre¬
1349 1346 2361 1399 Sentación, y de formar entre ds mismas el
1358 1391 2370 1444 Comité de Cooperación Internacional de la Liga
1352 1435 2364 1488 en esa República Dominicana, Tenemos ya va¬
1349 1477 2367 1536 rios centros muchas representantes en España,
1352 1525 2367 1575 varios paises Hispanamericanos especialmente
1349 1564 2367 1623 en mi patria Mérico, donde la sociedad cuenta¬
1349 1611 2361 1664 con el apovo y la cooperación de todas las muje¬
1349 1656 1615 1706 res de valer.
1439 1710 2373 1763 Aprovecho esta oportunidad para ponerme á
1349 1755 2364 1808 sus ordenes, como su muy atenta correligiona¬
1349 1800 1609 1850 ria y amiga,
1146 2152 1519 2211 MAYO.
773 2250 1591 2300 Salve mes oloroso á tierra bumedecida
767 2292 1636 2345 que llegas en tu carro pletórico de rosas
764 2337 1513 2387 ni corazón poeta celebra tu venida
743 2379 1633 2438 cantando sus ingenuas baladas amorosas
767 2477 1713 2530 Salve mes de lluvias tempraneras, que llevas
770 2522 1662 2578 más vigor la savia que nutre los maizales.
770 2561 1857 2626 bello mes dine a los árboles revistes de hojas nuevas,
779 2615 1686 2668 y cubres tal de nive de for los cafetales
764 2713 1645 2766 Razón tiene en vestirse de gala la pradera
764 2755 1642 2808 si en un carro omposo llega la Primavera
764 2800 1668 2856 triunfal envuelta en gasas de polícromo tul
758 2895 1722 2951 Cúbreme con tus rosas, para sentir ioh Mayo!
770 2943 1764 2996 embriagada de arromas en un dulce des mayo¬
764 2991 1609 3044 que se me va la vida en un ensueño azul.
1373 3086 1842 3142 MERCEDES QUINTERO.
1674 1895 2322 1951 ELENA ARIZMENDI DUERSCH.
