2479 3508
143 172 414 225 Fémina
1985 137 2212 199 Página 10
397 355 2036 431 de co de
155 537 1170 599 Ilustre huesped—En dias pasados fué huesped de la
110 581 1155 640 Ciudad Primada, el ilustre periodista cubano Sr.
113 623 1149 688 D. José Manuel Govin, Presidente de la empre¬
113 677 835 739 sa de El Mundo de la Habana.
155 716 1167 784 El Sr Govin trajo la alta misión de fundar en
120 764 1155 825 Santo Domingo el primer Comité de la Confe¬
113 808 1164 870 deración de la Prensa Hispano Americana, en su¬
113 856 1161 918 calidad de Delegado Especial de la Asociación de
119 910 812 966 la Prensa Española, de Madrid.
164 946 1161 1011 El Alcázar de Colón, una de esas vetustas rui¬
116 993 1173 1058 nas que nos hablan de la grandeza de otros
119 1041 1173 1103 tiempos, fué el sitio escolido para la celebración
122 1089 1170 1151 de ese soleme acto, que fué firmado por los
128 1131 1161 1199 principales periodistas concurrentes a tan tras¬
116 1185 686 1238 endentalacontecimiento.
164 1226 1167 1282 Desde luego, esta feliz iniciativa culminará con
122 1274 1167 1333 la cristalización de uno de nuestros mas caros an
122 1316 1161 1378 helos la solidaridad entre los pueblos de la mis¬
119 1364 1173 1423 maraza i del mismo idioma, por medio de la
125 1417 289 1476 presa
167 1453 1170 1515 Aunque tarde, presentamos al Sr. Govin nues
119 1504 1116 1563 tros saludos con toda consideración i respeto.
170 1573 1167 1635 Desgraciado incidente—Con profunda pena consigna¬
122 1623 1173 1679 mos la noticia de la tragica muerte de nuestro
128 1668 1176 1727 amigo y colaborador el Sr. Jose E. Fernandez
119 1716 1173 1772 Tasito quien en un momento de hondo desencal¬
128 1764 844 1820 to de la vida, puso fin á sus dias.
131 1803 1158 1862 Era el señor Fernandez un laborioso comercian
128 1847 1173 1909 te un ciudadano pacifico, da de vez en cuando se
125 1901 907 1954 complacía en el cultivo de las letras.
176 1943 1176 2005 Lamentamos la determinacion del amigo, que
131 1985 1182 2047 mo tuvo suficiente valor moral para soportar las
128 2032 1170 2091 contrariedades de la vida, i envíamos á sus deu¬
134 2086 755 2142 dos nuestro sentido pesame.
173 2152 1173 2214 Designacion honrosa—La distinguida dama intelec-
140 2200 1176 2259 tual Sra. Elena Arzmendi de Duersch, directora¬
131 2244 1167 2303 de la revista neovorquina aminismo Inter¬
131 2292 1179 2348 nacional órgano de la Liga Internacional de
134 2343 1179 2399 mujures Ibérias e hispano americanas, nos ha¬
134 2388 1170 2444 honrado con la hermosa designación de instala¬
131 2435 1185 2488 en esta república el Comité de Cooperación In¬
134 2480 618 2536 ternacional de la Liga.
179 2516 1182 2581 Alaceptar gustosamente tan inmerecido honor
147 2570 1176 2620 kacemos un llamamiento á las damas cultas de
140 2612 1179 2671 muesara república que deseen cooperar á nues¬
131 2659 1173 2715 tra humilde labor, en la formacion de dicho Co
143 2707 1173 2766 mite, que tiene como finalidad, fomentar el
131 2755 1185 2808 acercamiento del progreso i la cultura de las
146 2797 1185 2856 mujeres laborando en defensa i enaltecimiento
146 2850 507 2903 de nuestro sexo.
188 2889 1182 2951 Agradecemos vivamente el alto honor de que
137 2937 1176 2993 nos ha hecho objeto la Sra, Arizendi de Du¬
140 2982 1179 3035 resch, i nos complacemos en ponernos nueva¬
149 3036 606 3089 mente á sus ó denes.
191 3104 1188 3160 Manuel Fernandez Juncos—Recomendamos la lectura
137 3143 1191 3208 del artículo del chispeante escritor cuyo nombre.
143 3194 1185 3250 encabeza estas lineas, i quien, aunque españo
140 3239 1194 3301 de nacimiento, por haber pasado en Puerto Rico
1206 513 2260 584 la mayor parte de su vida, se le considera como
1203 573 1645 628 escritor borincano.
1244 614 2257 682 Puerto Rico linstrado"Ya está circulando la edición
1212 659 2254 727 de la prestigiosa revista Puerto Rico Ilustra¬
1200 707 2269 772 do, dedicada a Santo Domingo. Dicha edicion
1206 752 2260 823 no ha resultado lo que se esperaba, pues se nota¬
1212 796 2266 867 bastante deficiencia en lo relativo, a los datos
1212 847 2077 915 literarios y en la presentacion grafica,
1260 889 2263 956 Seguramente, la premura conque se preparó
1212 934 2260 1005 dicha edicion, impidió resultara esta mas efi¬
1209 982 2266 1049 ciente, pues sabemos que los comisionados para
1218 1026 2254 1094 tomar en esta los datos necesarios, poseen bas¬
1215 1071 2260 1139 tante competencia para el desempeño de su co¬
1221 1122 2266 1190 misión, i que el proposito de la empresa fué
1212 1167 2271 1232 demostrar su simpatia viva hacia esta republica
1218 1214 2271 1279 ipresentar un verdadero exponente de la cultura
1215 1271 1486 1327 dominicana.
1397 1322 1904 1384 El famoso ron Tavares
1400 1373 1883 1426 es á los consumidores
1397 1417 1889 1476 denitivo en los pesares
1403 1465 1916 1515 oloria de los hehedores.
1400 1513 1845 1563 Si tomas una copita¬
1400 1555 1886 1611 mejor os convencereis.
1397 1603 1851 1664 y tal vezos bebereis.
1397 1650 1839 1703 una media botellita.
1259 1686 2269 1751 Desatención involuntaria—Pedimos excusa á nuestros
1221 1731 2266 1802 correligionarios porque no hayamos correspon¬
1224 1776 2271 1844 dido oportunamente con algunos canges que se
1224 1820 2260 1891 nos han enviado, ni atendido a ciertas notas re¬
1230 1880 1889 1936 lacionadas con nuestra revista.
1268 1916 2271 1981 El motivo ha sido, que por el retraso sufrido
1233 1967 2271 2032 por la correspondencia, en estos últimos meses.
1218 2015 2274 2073 en la Oficina de Correos que carecía de personal
1233 2056 2277 2121 que distribuvera, se recibieron impresos de uno
1224 2104 2266 2172 y dos meses de depositados en la oficina expedi¬
1224 2161 1337 2214 tora.
1274 2194 2280 2253 Nuestro activo Administrador de Correos ha
1218 2241 2277 2300 ido poco a poco normalizando este inconveniente
1238 2295 2125 2353 y va hoy se reciben á mejor oportunidad.
1271 2343 2280 2405 Nuevo libro—Hemos tenido el gusto de recibir un
1230 2394 2277 2450 tomo de laobra de versos Campanas de Cristal,
1236 2438 2283 2494 del poeta R. A. Jorge Rivas, de Santiago. Son
1585 2486 2289 2536 bellísimas, que revelan la
1227 2489 1528 2545 inspiraciones
1227 2534 1910 2584 esquisitez del alma de su autor.
1277 2573 2286 2635 Dicho obsequio trae la siguiente dedicatoria
1230 2618 2289 2683 que agradecemos: Para Fémina, luminoso
1233 2665 2289 2736 prisma donde se destaca raramente la preclara¬
1236 2710 2283 2772 bisión de la mujer triunfante, ahora en ascensión
1230 2755 2283 2817 excelsa hacia la cima ideal de sus aspiraciones
1236 2812 1570 2871 A
1277 2850 2286 2912 Al dar las gracias al autor por su simpático
1230 2898 2274 2960 obsequio la deseamos que recoja muchos laure¬
1238 2949 1710 3005 les en su lírica senda.
1280 3000 2292 3059 Horrosa colaboración La Sra. Doña Isabel A. Vda.
1233 3048 2286 3106 Pellerano, nos ha favorecido con una bella, y
1236 3095 2292 3148 sentida producción de su pluma exquisita y que¬
1244 3140 2000 3205 publicamos en el presente número.
1289 3185 2283 3244 Es motivo para que le estemos muy agradeci¬
1244 3242 1328 3292 das.
