2479 3508
1610 11 2369 123 Archivo General de la Nación
1824 100 2168 185 HEMEROTECA
895 210 1616 420 FEMINA
513 464 1920 565 REVISTA DE LITERATURA, CIENCIAS Y ARTES,
806 534 1645 609 CONSAGRADA A LA MUJER.
860 618 1585 697 DIRECTORA-ADMINISTRADORA:
748 674 1686 781 PETRONILA ANGELIGA GOMEZ.
1045 741 1400 826 Maestra Normal.
1049 848 1386 922 REDACTORES:
752 877 1701 991 MARIA L. ANGELIS DE CANINO,
319 926 2110 1031 PETRRONILA A. GOMEZ, CONSUELO MONTALVO DE FRIAS.
228 1056 373 1136 Año 2
806 1063 1699 1139 San Pedro de Macorís, Septiembre 15 de 1823
1996 1078 2206 1150 Nro. 27
558 1183 1787 1369 !TENED FE"
402 1402 1188 1502 ¡EL viejo árbol de añoso tronco guar-
422 1473 1197 1567 da en él benditas y sagradas tra-
420 1527 632 1596 diciones.
473 1563 1201 1672 Los vientos invernales de mez-
436 1605 1200 1717 quinas y bastardas pasiones, de
422 1694 1197 1755 ruines y cobardes conquistas, lo
190 1732 1192 1808 han azotado brutalmente cortando sus hojas,
188 1793 1190 1873 sin que hayan podido arrancar de la tierra.
190 1849 1197 1904 una sola de sus raíces. Y de las raíces es
194 1902 1192 1985 que sube la savia a dar vitalidad al ramaje,
185 1956 886 2038 aroma a la flor y jugo al fruto.
297 1996 1199 2063 El árbel de añoso tronco revive en la
194 2058 1192 2123 memoria del patriota, revive en la memoria.
183 2110 1194 2181 del creyente, la vieja historia de los herces
194 2168 1194 2237 y de los mártires, que con su sangre y con
194 2221 1197 2279 el verbo sublime de la idea regaron el surcos
188 2268 1201 2337 donde ha de germinar la redención de los
194 2322 1022 2389 que tienen sed y hambre de justicia.
295 2371 1181 2456 Mirad siempre con fe el viejo árbol, y
188 2427 835 2498 cuidadle con perseverancia.
292 2460 1192 2552 Orad junto a él, que la oración pura
190 2514 1190 2596 llega hasta la divina voluntad del Creador.
194 2583 906 2659 que, a la par que crea, redime.
292 2733 1197 2804 Los pobres de espíritu, los siervos del
185 2766 1183 2871 todos los pueblos acuden anhelosos a des-
185 2846 1192 2907 cansar junto a la sombra del viejo árbol de
188 2900 1185 2965 santas tradiciones. Sus bastardos deseos,
188 2945 1194 3009 sus mezquinos apetitos jamás se encuentran.
185 3000 1188 3088 satisfechos. Pobres hidrópicos de senti-
185 3054 540 3126 mientos, puros!
284 3076 1143 3186 ¡Tienen frío en el alma, no tienen fel
1348 1418 2239 1500 Acudid al viejo árbol, no importa que la
1237 1485 2239 1547 maldad del hombre lo haya tronchado.
1235 1545 2230 1605 Cuidad con esmero su carcomido tronco.
1235 1594 2230 1665 Dios es bueno, justo y reparador de agravi-
1235 1648 1319 1712 os.
1453 1692 2179 1784 MARIA L. ANGELIS DE CANINO.
1453 1837 1938 1940 ANHELOS
1355 1902 1996 1998 Así quisiera de mi ensueño vago
1304 1982 1985 2052 mirar la dulce reulidad cumplida:
1306 2027 1953 2083 una casita que la copie un lago,
1313 2034 2007 2134 y enel lago una barca suspendida.
1357 2114 2065 2197 Tener, para mi goce y mis encantos,
1306 2152 1956 2219 entre macizos de gullardas flores.
1302 2212 1962 2270 aves de dulces, melodiosos cantos,
1310 2264 1967 2324 con plumajes de múltiples colores.
1355 2302 1962 2366 Para grato solaz, cabe la orilla.
1306 2355 1911 2407 del lago, caprichosa levantara-
1304 2402 1907 2449 una glorieta rástica y sencilla
1313 2440 1947 2518 y alli versos y prosas abrevara..
1348 2505 1982 2561 Bajo su toldo de verdura agreste
1304 2529 1982 2596 ¡qué bien en la mañana aspiraria
1306 2590 1980 2639 con los efluvios de la flor silvestre
1310 2634 1962 2692 los aires de la abrupta serranía!
1355 2677 1947 2748 Y fueran ellos alimento saño,
1313 2721 1974 2791 para el alma y el cuerpo, panaced,
1310 2779 1994 2829 que torna la sulud—don soberano-—
1310 2820 1911 2889 y fecunda los senos de la Idea.
1355 2918 2157 2983 Ahl yo amo tu quietud, soñado albergue;
1306 2958 2011 3027 más eres, por mi mal, un impesible;
1302 3005 1994 3065 eres la cima que ante mí se verque,
1302 3050 1938 3123 mi hermoso paraiso inaccesible!.
1304 3094 1415 3190 1907
1491 3085 2099 3175 ISABEL A. DE PELLERANO.
