2479 3508
341 119 620 233 Fémina
2129 129 2343 248 Página 2
633 245 2057 393 CONSIDERACIONES
323 475 946 571 ¡EL hombre ha nacido pa-
295 527 946 618 ra ser útil á sí mismo y
305 592 953 677 también á los demás; su
310 659 953 731 misión no es vejetar en la
307 703 951 773 indiferencia, ni consumirse
305 754 943 850 en el seno de pasiones rui-
302 811 667 886 nes y vulgares.
357 829 948 935 Nó; la dignidad y la per-
302 907 961 982 fección humana imponen!
305 979 943 1036 deberes muy sagrados, que,
310 1026 948 1103 una vez eludidos, sólo oca-
313 1077 951 1173 sionan nuestra felicidad y
307 1124 592 1212 desventura...
349 1170 953 1258 Es innegable que el egois-
302 1235 953 1302 mo reina actualmente; que
305 1289 946 1382 el positivismo nos invade y
307 1341 873 1416 la moral yace en olvido.
354 1390 961 1470 La ganancia, el lucro; el
295 1455 951 1542 tanto por ciento, he aquí lo
310 1501 623 1579 que se busca.
359 1540 946 1636 La sinceridad, el desinte-
302 1592 951 1674 rés y la generosidad son
307 1667 943 1739 virtudes muy raras en estos
305 1713 943 1796 tiempos en que la hipócre-
305 1762 948 1842 sía, la ambición y el egois-
305 1811 943 1891 mo se han entronizado aho-
297 1878 948 1943 gando los más nobles senti-
305 1933 948 2018 mientos del corazón huma-
302 1977 395 2044 no.
349 2000 946 2119 Muchos habitan suntuo-
1021 486 1677 584 sas moradas, lucen ricos
1021 537 1672 615 vestidos, saborean manja-
1013 610 1661 672 res exquisitos, celebran rui-
1013 661 1674 721 dosos festines: he aquí el
1018 716 1674 793 producto de la estafa y el
1010 765 1217 845 engaño.
1070 791 1667 899 Hay que echar, pues, á un
1018 853 1664 951 lado la honradez, la virtud;
1021 930 1659 1015 ¿no lo exije así vuestro pro-
1026 974 1455 1049 pio bienestar....?
1065 1005 1664 1093 Ahl la voz del infortunio
1015 1080 1661 1147 no es capaz de conmover
1013 1145 1664 1217 los corazones petrificados;
1021 1191 1667 1261 pór llegar al fin propuesto.
1015 1240 1664 1323 se desoye la voz de la con-
1723 1267 1739 1307 ageno tanto como por el
1021 1292 1672 1367 ciencia, aun a costa de la
1021 1346 1664 1431 propia satisfacción, de la
1013 1408 1493 1475 satisfacción interna.
1065 1418 1661 1517 ¡Cuántos corazones mal-
1023 1496 1667 1599 vados se ocultan bajo un
1013 1558 1413 1641 frac ó una levita!
1065 1589 1664 1692 Muchos sonrien afectan-
1015 1641 1659 1739 do una bondad de que ca-
1018 1723 1664 1814 recen: esa sonrisa oculta la
1018 1775 1315 1850 perversidad.
1070 1801 1661 1894 Se adula y agasaja, pero
1018 1886 1661 1946 tras el agasajo y la lisonja.
1013 1938 1661 2023 hay un puñal presto á herir.
1015 1987 1336 2064 mortalmente.
1059 2013 1664 2121 Los buenos abundan po-
1731 460 2374 566 co, los malos abundan mu-
1729 566 2385 620 cho. Así como las enfer-
1729 602 2390 682 medades contagiosas se
1731 661 2387 739 propagan, así se propaga la
1734 723 2380 804 maldad. Es virus mortife-
1731 778 2312 850 ra que todo lo envenena.
1785 822 2390 897 Sin embargo, siempre
1739 876 2374 943 hay quien piense en los de-
1729 943 2387 1010 más, sin que esto sea un
1731 992 2390 1067 obstáculo para pensar en sí.
1729 1036 1909 1106 mismo.
1778 1054 2374 1165 Es cierto que existen al-
1729 1142 2387 1207 mas generosas que trabajan.
1734 1199 2380 1261 con ahincó por el bienestar.
1739 1248 2393 1338 ageno tanto como por el
1729 1307 2026 1375 suyo propió.
1780 1320 2377 1426 Para muchos, la concien-
1726 1403 2374 1480 cia no está muerta. Ella es
1734 1462 2380 1522 la guía que los conduce ale-
1739 1514 2382 1576 jándolos del mal, evitándoles:
1729 1574 2380 1654 las agudas mordeduras del
1731 1623 2209 1700 remordimiento....!
1798 1646 2374 1757 ¡Atrás, ruin egoismo, am-
1729 1716 2372 1791 bición maléfica, odiosa hi-
1739 1775 2382 1868 pocresía! jAtrás, séquito del
1729 1834 1850 1899 mal!
1785 1853 2380 1956 ¡Las almas grandes tel
1739 1938 2372 2020 desdeñan, las almas nobles.
1739 1992 2057 2072 te desprecian!
2031 2036 2354 2106 MERCEDES MOTA.
1726 2064 1925 2142 Dominicana.
746 2245 1950 2382 LA VOLUNTAD
393 2403 1315 2519 La vida es movimiento i acción. El
307 2483 1328 2563 primer deber del hombre es ejercitar su
305 2558 1336 2615 brazo i su mente: quien viole ese deber co-
302 2604 1315 2685 mete una inmoralidad. Los órganos se a-
302 2656 1132 2747 modorran i el espíritu se envilece.
408 2697 1315 2785 La inercia opaca la vida de los holga-
302 2754 1320 2829 zanes, toruándoles incapaces de hacer cosa
305 2819 1263 2886 alguna para sí mismos i para los demás.
408 2858 1331 2948 Gruzarse de brazos es morir de sedi
289 2914 1313 3002 junto a las fuentes de la vida. Quien ha-
1367 2416 2385 2527 ya atentado así contra su dignidad huma-
1359 2517 2385 2589 na, debe curarse reeducando las funciones
1354 2563 2305 2625 de su organismo i de su entendimiento.
1359 2607 2380 2682 Para aprender de nuevo a ejecutar lo que
1354 2664 2387 2752 se piensa es necesario olvidar la palabra
1354 2721 1584 2796 mañana.
1460 2757 2369 2842 Ahora o nunca. Mañana es la men-
1359 2809 2372 2922 tira piadosa con que se engaña las volun¬
1356 2886 1796 2953 tades moribundas.
1827 2909 2328 3023 JOSÉ INGENIEROS.
