2479 3508
243 140 373 232 Página 5
1955 156 2228 270 Fémina
788 241 1694 363 Una Historia de Amor
1245 341 1545 424 Para "Fémina"
745 431 1529 529 Asfes la vida -dijo- y un suspiro.
729 498 1408 558 triste y amargo de su ser brotó,
740 538 1584 596 esa es la vida: acerba copa plena!....
725 588 1433 662 ¡Nunca he gustado de la dicha yo!
733 625 1358 703 Iba así divagando por la orilla.
727 684 1415 755 de un caudaloso y arrogante río,
735 728 1486 791 ¡embriagadora estabal una mantilla
728 787 1592 847 cubría una parte de su rostro umbrío....
727 826 1448 898 “Ya no quiero, ni sueño de la vida
733 877 1512 951 las quimeras que un tiempo me forjé,
727 930 1412 991 mi ilusión y mi dicha presentida.
730 978 1457 1045 ya todo para siempre lo olvidé!....
727 1023 1501 1097 ¿Para qué más vivir, si el hado impío
735 1081 1553 1149 se extrema en mi, con bárbara maldad?
734 1128 1430 1188 dijo, e iba a abalanzarse al río....
735 1154 1584 1235 pero: lo que está escrito, eserito está....
734 1211 1316 1287 Un vértigo tirola de repente
728 1271 1325 1325 en las arenas donde la seguí,
736 1309 1486 1379 y en mis brazos volvió casidémente:
727 1364 1541 1437 dicha muy grande en sus ojasos Vi!.....)
740 1410 1433 1474 —Por qué no me dejaste tú morir.
727 1456 1486 1521 cuando dichosa yo, podría ya ser....
761 1503 1540 1572 —Porque eres niña, aliento en mi vivir,
736 1554 1527 1631 porque te ama mi alma, fiel mujer!.....
746 1606 1574 1678 —Por qué no me dijiste que me amabas?
725 1652 1290 1718 ¿No podías acaso presentir
730 1700 1510 1761 que eras tú, la ilusión que yo buscaba
734 1751 1473 1820 y por tu ingratitud iba a morir..?
729 1805 1453 1879 —Una prueba buscaba de tu amor,
733 1854 1412 1929 pues una duda tuve yo de tí....;
725 1905 1349 1958 miraba siempre tu tenaz dolor.
730 1938 1391 2011 y jamás me pensé fuera por míl
727 1986 1449 2076 Más hoy perdona todo mi extravio,
733 2056 1331 2111 perdona cuánto te martiricé,
728 2086 1451 2158 toma mi corazón, que ya no es mio,
734 2145 1403 2207 y se arrojó de hinojos a sus piés.
768 2190 1440 2263 Levántate mi amor; tanto placer.
728 2246 1377 2300 no esperaba sentirlo nunca, nol?
734 2289 1388 2339 jOh! cómo dudar pude del poder
730 2322 1607 2401 grande y honroso de tu amor joh Dios!....
747 2381 1385 2456 Perdónanos a dos, juzga el dolor.
728 2445 1337 2491 que acibaraba así mi corazón;
728 2471 1543 2541 y piensa que él tambien sufria de amor,
721 2535 1475 2604 y muerta tambien era su ilusión....
721 2575 1331 2640 Entonces ambos para recibir
721 2624 1382 2684 el perdón y la gracia del Señor,
721 2686 1447 2735 de hinojos se besaron con amor....
721 2703 1634 2795 ¡el Sol mas fuerte comenzó a lucir!.....
727 2817 1674 2893 Encuentras esta historia un algo extraña?....
725 2869 1480 2939 No lo es tanto: misterio es la pasión!
719 2915 1437 2970 y en la vida de amor, cada mañana.
725 2945 1588 3020 perderse puede más de un corazón!.......
1058 3008 1674 3103 C. EL MAGGIOLO DE CRUZADO.
1283 3070 1462 3139 (Violeta).
719 3110 1421 3194 San Cristóbal, Agosto 21 de 1923.
