2479 3508
251 136 444 240 Página 7
1948 148 2211 254 Feminal
216 246 841 332 por el altruismo de pocos,
214 322 841 382 sino una institución positiva,
208 366 848 427 una sociedad nacional que
217 429 841 495 por conducto de sus orga-
207 472 841 546 nismos dirijentes, sea fian-
208 534 854 614 za de orden i progreso para
214 578 582 645 los coasociados.
267 617 850 706 Por lo demás si de este
208 683 848 748 recuento de valores morales.
208 735 848 800 que se hace en el mundo
211 787 844 861 no le viene una gran des¬
214 835 844 904 gracia a los pueblos débiles.
210 900 856 988 colocados en la ruta de la
917 233 1548 331 civilización, el porvenir anti-
912 325 1550 385 llano debe esperar mucho.
913 377 1544 449 del movimiento socialista.
916 429 1550 500 que nos viene de Europa, si
916 479 1534 543 al atravesar los mares po-
913 540 1543 604 demos depurarle de tal exa-
927 587 1534 646 jeraciones conque lo ha a-
913 639 1541 696 dulterado la reacción vio-
910 695 1546 759 lenta que ha producido en
914 752 1545 814 él la acción opresora de las
914 800 1539 867 cáducas dinastías europeas.
916 847 1540 910 Creemos con José Victirino.
914 901 1543 985 Lastarria que en América.
1611 257 2239 342 el concepto de libertad i el
1612 328 2243 397 ideal republicano de gobier-
1612 393 2245 452 no, tienen horizontes más
1614 431 2248 504 dilatados que allende los
1615 481 2246 547 mares. El soplo socialista.
1618 547 2242 607 que nos venga no tendrá
1615 599 2239 678 que luchar de nuevo ¡ hará
1615 663 2239 740 que la potencia del trabajo
1605 712 2239 797 unida a la virtualidad del
1609 773 2254 852 derecho, produzcan como-
1615 839 2243 910 resultados un orden social.
1615 900 2155 991 uniforme i constructivo.
1051 1418 1392 1545 Oh Tú!
991 1553 1648 1634 En el Album de la Srta. MARINA MOYA.
1059 1620 1665 1691 O qui que vous soyez, Montelle ou diesge?
1406 1665 1609 1723 FENELON.
1256 1703 1541 1783 Para Fémina.
874 1767 1659 1860 No sé si eres mortal o si eres diosa;
773 1843 1501 1908 pero he podido adivinar que eres
770 1895 1504 1975 la más bella de todas las mujeres.
770 1967 1427 2036 de mi florida tierra milagrosa;
773 2018 1596 2104 que te admiran también por virtuosa;
775 2079 1589 2155 porque ofreces sonrisas como Ceres.
773 2142 1629 2215 frutos; i porque logras cuanto quieres,
769 2216 1589 2283 como una Reina amada i majestuosa;
770 2266 1529 2347 porque las Gracias ríen al mirarte.
773 2317 1665 2394 creyéndote su hermana; porque inspiras
767 2386 1585 2460 pasiones i plegarias indiscreías....
773 2450 1624 2516 porque eres mirto en el jardín del Arte.
764 2505 1483 2580 ¡lelt motiv en el vibrar de liras
770 2571 1561 2660 de un entusiasta coro de poetas....
1151 2626 1612 2737 QUITERIO BERROA.
777 2681 899 2771 1923.
