<?xml version="1.0" encoding="UTF-8" standalone="yes"?>
<PcGts xmlns="http://schema.primaresearch.org/PAGE/gts/pagecontent/2013-07-15" xmlns:xsi="http://www.w3.org/2001/XMLSchema-instance" xsi:schemaLocation="http://schema.primaresearch.org/PAGE/gts/pagecontent/2013-07-15 http://schema.primaresearch.org/PAGE/gts/pagecontent/2013-07-15/pagecontent.xsd">
    <Metadata>
        <Creator>prov=READ-COOP:name=PyLaia@TranskribusPlatform:version=2.43.0:model_id=558697:lm=none:date=12_05_2026_10:30</Creator>
        <Created>2025-10-15T18:38:04.239+02:00</Created>
        <LastChange>2026-05-25T22:27:08.472+02:00</LastChange>
        <TranskribusMetadata docId="11368975" pageId="104387579" pageNr="8" tsid="288917394" status="IN_PROGRESS" userId="500001" imgUrl="https://files.transkribus.eu/Get?fileType=view&amp;id=KHTPIBLKSIXJPKLYYPMXWHVV" xmlUrl="https://files.transkribus.eu/Get?id=XSYRYAYOKOFRHLZLGYIUZIBE" imageId="87597294"/>
    </Metadata>
    <Page imageFilename="0008_p008.jpg" imageWidth="2479" imageHeight="3508">
        <ReadingOrder>
            <OrderedGroup id="ro_1781166500543" caption="Regions reading order">
                <RegionRefIndexed index="0" regionRef="r"/>
                <RegionRefIndexed index="1" regionRef="tr_2"/>
                <RegionRefIndexed index="2" regionRef="r_1"/>
                <RegionRefIndexed index="3" regionRef="r_4"/>
                <RegionRefIndexed index="4" regionRef="r_2"/>
            </OrderedGroup>
        </ReadingOrder>
        <TextRegion id="r" custom="readingOrder {index:0;}">
            <Coords points="318,255 318,178 629,178 629,255"/>
            <TextLine id="l" custom="readingOrder {index:0;}">
                <Coords points="333,257 406,230 418,240 463,227 524,242 543,228 555,238 605,235 604,149 443,179 404,157 365,171 331,167"/>
                <Baseline points="343,211 369,209 396,208 422,208 449,208 476,208 502,210 529,211 555,211 582,211 609,211"/>
                <TextEquiv>
                    <Unicode>Fémina</Unicode>
                </TextEquiv>
            </TextLine>
            <TextEquiv>
                <Unicode></Unicode>
            </TextEquiv>
        </TextRegion>
        <TextRegion orientation="0.0" id="tr_2" custom="readingOrder {index:1;}">
            <Coords points="2125,106 2125,258 2326,258 2326,106"/>
            <TextLine id="tr_2_tl_1" custom="readingOrder {index:0;}">
                <Coords points="2119,216 2167,225 2193,220 2237,232 2257,228 2266,235 2310,238 2308,171 2291,174 2279,167 2260,176 2241,167 2192,169 2176,157 2154,154 2147,159 2119,157"/>
                <Baseline points="2130,206 2167,206 2203,206 2240,208 2277,207 2314,206"/>
                <TextEquiv>
                    <Unicode>Página 8</Unicode>
                </TextEquiv>
            </TextLine>
            <TextEquiv>
                <Unicode></Unicode>
            </TextEquiv>
        </TextRegion>
        <TextRegion id="r_1" custom="readingOrder {index:2;}">
            <Coords points="319,1729 319,255 1679,255 1679,1729"/>
            <TextLine id="l_3" custom="readingOrder {index:0;}">
                <Coords points="622,507 700,524 907,490 962,528 1042,507 1067,528 1167,496 1368,502 1368,436 1299,411 1182,435 1001,404 778,443 710,411 622,419"/>
                <Baseline points="632,480 669,482 706,483 743,482 780,481 817,483 854,483 891,481 928,478 965,478 1002,480 1039,480 1076,483 1113,483 1150,483 1187,482 1224,480 1261,480 1298,480 1335,480 1373,483"/>
                <TextEquiv>
                    <Unicode>Glosas Espirituales</Unicode>
                </TextEquiv>
            </TextLine>
            <TextLine id="l_4" custom="readingOrder {index:1;}">
                <Coords points="1199,590 1277,580 1304,602 1348,611 1389,589 1421,605 1470,597 1510,612 1512,502 1432,485 1400,502 1329,489 1201,511"/>
                <Baseline points="1209,579 1234,577 1260,576 1285,576 1311,576 1336,576 1362,576 1388,576 1413,576 1439,576 1464,576 1490,575 1516,573"/>
                <TextEquiv>
                    <Unicode>Para "Fémina"</Unicode>
                </TextEquiv>
            </TextLine>
            <TextLine id="l_5" custom="readingOrder {index:2;}">
                <Coords points="812,671 881,682 961,660 991,675 1025,658 1074,673 1108,660 1169,666 1169,592 1093,587 1052,614 1005,590 957,602 881,577 812,582"/>
                <Baseline points="821,644 846,646 871,647 896,645 921,645 946,646 971,646 997,644 1022,644 1047,644 1072,644 1097,644 1122,644 1147,644 1173,644"/>
                <TextEquiv>
                    <Unicode>A TUS MANOS.</Unicode>
                </TextEquiv>
            </TextLine>
            <TextLine id="l_6" custom="readingOrder {index:3;}">
                <Coords points="928,727 1032,754 1096,744 1140,758 1201,726 1260,722 1336,753 1336,644 1196,670 1118,660 1060,683 964,671 928,685"/>
                <Baseline points="937,716 962,716 987,716 1012,716 1037,716 1062,716 1088,716 1113,716 1138,716 1163,716 1188,716 1214,716 1239,716 1264,716 1289,716 1314,716 1340,716"/>
                <TextEquiv>
                    <Unicode>Para María Badía.</Unicode>
                </TextEquiv>
            </TextLine>
            <TextLine id="l_7" custom="readingOrder {index:4;}">
                <Coords points="497,819 1527,844 1527,764 497,764"/>
                <Baseline points="507,809 558,812 609,815 660,815 711,815 763,815 814,812 865,815 916,815 967,815 1019,815 1070,815 1121,813 1172,812 1223,812 1275,815 1326,815 1377,814 1428,810 1479,811 1531,812"/>
                <TextEquiv>
                    <Unicode>Con tus manos liliales yo quiero que tú enhebres,</Unicode>
                </TextEquiv>
            </TextLine>
            <TextLine id="l_9" custom="readingOrder {index:5;}">
                <Coords points="453,879 1395,888 1372,825 453,824"/>
                <Baseline points="462,865 508,865 555,865 602,865 649,865 696,865 743,865 790,865 837,866 884,868 931,867 977,866 1024,868 1071,868 1118,866 1165,865 1212,865 1259,865 1306,865 1353,865 1400,865"/>
                <TextEquiv>
                    <Unicode>los románticos versos que urdió mi fantasía,</Unicode>
                </TextEquiv>
            </TextLine>
            <TextLine id="l_11" custom="readingOrder {index:6;}">
                <Coords points="455,937 1367,937 1355,874 455,891"/>
                <Baseline points="465,925 510,920 555,919 600,919 646,919 691,919 736,919 781,919 827,919 872,922 917,919 962,919 1008,919 1053,919 1098,919 1143,919 1189,919 1234,919 1279,919 1324,919 1370,919"/>
                <TextEquiv>
                    <Unicode>y quiero que las poses sobre la frente mía</Unicode>
                </TextEquiv>
            </TextLine>
            <TextLine id="l_12" custom="readingOrder {index:7;}">
                <Coords points="455,983 682,1020 1485,986 1417,935 1272,927 455,942"/>
                <Baseline points="465,970 516,973 567,973 618,973 669,971 721,972 772,973 823,973 874,973 925,973 977,973 1028,973 1079,973 1130,973 1181,973 1233,973 1284,973 1335,973 1386,973 1437,975 1489,976"/>
                <TextEquiv>
                    <Unicode>cuando feroz me asalte el lebrel de mis fiebres...</Unicode>
                </TextEquiv>
            </TextLine>
            <TextLine id="l_13" custom="readingOrder {index:8;}">
                <Coords points="507,1089 1439,1084 1439,1023 1294,1011 1040,1035 935,1006 822,1047 507,1023"/>
                <Baseline points="516,1068 562,1071 608,1071 655,1071 701,1071 748,1071 794,1071 840,1071 887,1071 933,1071 980,1071 1026,1071 1072,1071 1119,1072 1165,1073 1212,1071 1258,1071 1304,1071 1351,1069 1397,1068 1444,1068"/>
                <TextEquiv>
                    <Unicode>Y que sean como hostias de mágica alegría</Unicode>
                </TextEquiv>
            </TextLine>
            <TextLine id="l_14" custom="readingOrder {index:9;}">
                <Coords points="455,1125 1504,1148 1470,1081 455,1079"/>
                <Baseline points="465,1119 517,1122 569,1122 621,1122 673,1122 725,1122 777,1122 829,1122 881,1122 933,1122 986,1124 1038,1123 1090,1125 1142,1125 1194,1122 1246,1122 1298,1122 1350,1124 1402,1122 1454,1122 1507,1125"/>
                <TextEquiv>
                    <Unicode>en las noches sombrías de mis crueles tormentos,</Unicode>
                </TextEquiv>
            </TextLine>
            <TextLine id="l_15" custom="readingOrder {index:10;}">
                <Coords points="465,1197 1461,1202 1461,1140 1402,1131 465,1145"/>
                <Baseline points="474,1179 523,1176 573,1176 622,1176 672,1174 721,1176 771,1176 820,1176 870,1178 919,1177 969,1179 1019,1176 1068,1179 1118,1177 1167,1178 1217,1176 1266,1176 1316,1178 1365,1177 1415,1176 1465,1176"/>
                <TextEquiv>
                    <Unicode>para que huyan ligeros los negros regimientos;</Unicode>
                </TextEquiv>
            </TextLine>
            <TextLine id="l_16" custom="readingOrder {index:11;}">
                <Coords points="468,1248 692,1241 781,1279 972,1277 1074,1236 1407,1252 1407,1204 1287,1182 468,1197"/>
                <Baseline points="477,1233 523,1230 570,1227 617,1227 664,1228 710,1230 757,1230 804,1230 851,1230 897,1230 944,1230 991,1230 1038,1230 1084,1232 1131,1231 1178,1232 1225,1231 1271,1230 1318,1230 1365,1232 1412,1233"/>
                <TextEquiv>
                    <Unicode>que a veces me flagelan, de la melancolía</Unicode>
                </TextEquiv>
            </TextLine>
            <TextLine id="l_17" custom="readingOrder {index:12;}">
                <Coords points="509,1341 1463,1351 1463,1299 1348,1268 934,1295 509,1267"/>
                <Baseline points="519,1325 566,1328 613,1325 661,1325 708,1325 756,1325 803,1326 851,1328 898,1328 946,1328 993,1328 1040,1328 1088,1328 1135,1328 1183,1328 1230,1328 1278,1325 1325,1328 1373,1328 1420,1325 1468,1325"/>
                <TextEquiv>
                    <Unicode>Que sean como rosas de perfume muy suaves;</Unicode>
                </TextEquiv>
            </TextLine>
            <TextLine id="l_18" custom="readingOrder {index:13;}">
                <Coords points="462,1383 1319,1402 1360,1397 1360,1356 460,1346"/>
                <Baseline points="471,1376 515,1379 560,1379 604,1379 649,1379 694,1379 738,1379 783,1379 828,1379 872,1379 917,1382 962,1379 1006,1382 1051,1382 1096,1382 1140,1382 1185,1379 1230,1379 1274,1382 1319,1382 1364,1385"/>
                <TextEquiv>
                    <Unicode>en los jardines tristes, solitarios y graves,</Unicode>
                </TextEquiv>
            </TextLine>
            <TextLine id="l_19" custom="readingOrder {index:14;}">
                <Coords points="467,1460 1441,1449 1439,1411 1363,1394 465,1383"/>
                <Baseline points="474,1430 522,1433 571,1433 619,1433 668,1433 716,1433 765,1432 813,1432 862,1433 910,1433 959,1433 1007,1436 1056,1436 1104,1433 1153,1436 1201,1435 1250,1433 1298,1433 1347,1434 1395,1436 1444,1436"/>
                <TextEquiv>
                    <Unicode>ay ide esta mi existencia que Dolor acongoja..</Unicode>
                </TextEquiv>
            </TextLine>
            <TextLine id="l_20" custom="readingOrder {index:15;}">
                <Coords points="516,1553 1463,1559 1463,1478 1059,1500 704,1449 663,1485 516,1480"/>
                <Baseline points="525,1528 572,1531 619,1528 666,1528 713,1531 760,1531 807,1530 855,1529 902,1531 949,1531 996,1531 1043,1531 1090,1531 1137,1531 1185,1531 1232,1531 1279,1531 1326,1531 1373,1531 1420,1531 1468,1534"/>
                <TextEquiv>
                    <Unicode>Que así tus manos blancas, sedeñas y liliales,</Unicode>
                </TextEquiv>
            </TextLine>
            <TextLine id="l_23" custom="readingOrder {index:16;}">
                <Coords points="455,1608 1451,1603 1419,1544 455,1553"/>
                <Baseline points="465,1579 514,1585 563,1582 613,1582 662,1582 712,1582 761,1582 810,1582 860,1584 909,1585 959,1585 1008,1585 1057,1585 1107,1585 1156,1585 1206,1585 1255,1585 1304,1585 1354,1585 1403,1585 1453,1585"/>
                <TextEquiv>
                    <Unicode>disiparán las nieblas que empañan los cristales</Unicode>
                </TextEquiv>
            </TextLine>
            <TextLine id="l_24" custom="readingOrder {index:17;}">
                <Coords points="462,1654 712,1642 800,1683 956,1661 1077,1686 1383,1646 1383,1608 1277,1598 462,1595"/>
                <Baseline points="471,1633 516,1636 562,1636 608,1636 654,1636 700,1636 746,1636 791,1636 837,1637 883,1639 929,1639 975,1639 1021,1639 1067,1639 1112,1639 1158,1639 1204,1640 1250,1642 1296,1641 1342,1639 1388,1639"/>
                <TextEquiv>
                    <Unicode>del vaso de mi vida, repleto de congoja!.</Unicode>
                </TextEquiv>
            </TextLine>
            <TextEquiv>
                <Unicode></Unicode>
            </TextEquiv>
        </TextRegion>
        <TextRegion id="r_4" custom="readingOrder {index:3;}">
            <Coords points="1679,1729 1679,3155 319,3155 319,1729"/>
            <TextLine id="l_25" custom="readingOrder {index:0;}">
                <Coords points="658,1882 813,1884 854,1855 952,1881 1015,1849 1116,1877 1317,1877 1351,1865 1350,1784 1253,1764 1175,1805 1103,1769 903,1745 797,1794 656,1756"/>
                <Baseline points="665,1830 699,1832 734,1835 768,1837 803,1839 837,1839 872,1837 906,1836 941,1836 975,1836 1010,1836 1044,1837 1079,1838 1113,1836 1148,1836 1182,1836 1217,1837 1251,1839 1286,1839 1320,1839 1355,1839"/>
                <TextEquiv>
                    <Unicode>Torre Romántica</Unicode>
                </TextEquiv>
            </TextLine>
            <TextLine id="l_27" custom="readingOrder {index:1;}">
                <Coords points="504,1965 813,1991 866,1967 1294,1972 1294,1864 1121,1898 935,1869 820,1901 660,1874 600,1909 504,1898"/>
                <Baseline points="513,1952 552,1955 591,1955 630,1955 670,1957 709,1958 748,1957 787,1955 827,1958 866,1958 905,1958 944,1958 984,1958 1023,1958 1062,1958 1101,1958 1141,1958 1180,1958 1219,1958 1258,1958 1298,1958"/>
                <TextEquiv>
                    <Unicode>Un sol infatigable es mi lírico sueño,</Unicode>
                </TextEquiv>
            </TextLine>
            <TextLine id="l_28" custom="readingOrder {index:2;}">
                <Coords points="465,2019 1387,2030 1373,1970 805,1989 465,1958"/>
                <Baseline points="474,2009 519,2006 565,2009 611,2009 657,2009 703,2009 749,2009 794,2009 840,2009 886,2010 932,2011 978,2010 1024,2012 1070,2011 1115,2010 1161,2012 1207,2012 1253,2012 1299,2012 1345,2013 1391,2015"/>
                <TextEquiv>
                    <Unicode>porque a él vida alegre tus miradas le dan..</Unicode>
                </TextEquiv>
            </TextLine>
            <TextLine id="l_29" custom="readingOrder {index:3;}">
                <Coords points="477,2079 1397,2077 1377,2021 477,2024"/>
                <Baseline points="486,2054 531,2060 577,2060 623,2060 668,2060 714,2060 760,2060 805,2063 851,2063 897,2063 943,2063 988,2063 1034,2063 1080,2063 1125,2063 1171,2063 1217,2063 1262,2063 1308,2063 1354,2063 1400,2060"/>
                <TextEquiv>
                    <Unicode>Tus miradas selectas donde coloca Ensueño</Unicode>
                </TextEquiv>
            </TextLine>
            <TextLine id="l_31" custom="readingOrder {index:4;}">
                <Coords points="468,2146 1312,2139 1312,2089 1231,2072 468,2080"/>
                <Baseline points="477,2110 521,2116 565,2113 609,2113 653,2116 697,2113 741,2113 786,2113 830,2113 874,2116 918,2116 962,2116 1006,2116 1051,2116 1095,2116 1139,2116 1183,2116 1227,2116 1271,2118 1316,2119"/>
                <TextEquiv>
                    <Unicode>la infinita dulzura de un purísimo afán..</Unicode>
                </TextEquiv>
            </TextLine>
            <TextLine id="l_32" custom="readingOrder {index:5;}">
                <Coords points="512,2224 1463,2232 1461,2156 1216,2182 1015,2136 922,2185 868,2148 687,2136 511,2172"/>
                <Baseline points="522,2212 569,2212 616,2212 663,2212 711,2213 758,2215 805,2215 853,2215 900,2215 947,2215 995,2215 1042,2215 1089,2215 1136,2215 1184,2215 1231,2215 1278,2215 1326,2215 1373,2215 1420,2215 1468,2212"/>
                <TextEquiv>
                    <Unicode>Esas regias miradas, que con mágico empeño</Unicode>
                </TextEquiv>
            </TextLine>
            <TextLine id="l_33" custom="readingOrder {index:6;}">
                <Coords points="468,2278 1419,2290 1382,2226 468,2232"/>
                <Baseline points="477,2260 524,2263 571,2263 619,2266 666,2264 713,2265 761,2264 808,2266 855,2266 903,2266 950,2266 997,2266 1045,2266 1092,2266 1139,2268 1187,2269 1234,2266 1281,2266 1329,2266 1376,2266 1424,2263"/>
                <TextEquiv>
                    <Unicode>cierto día me hablaron de las rosas que están</Unicode>
                </TextEquiv>
            </TextLine>
            <TextLine id="l_34" custom="readingOrder {index:7;}">
                <Coords points="462,2325 1336,2334 1336,2290 1248,2273 462,2281"/>
                <Baseline points="471,2316 514,2316 557,2316 601,2316 644,2319 688,2319 731,2319 775,2319 818,2317 862,2318 905,2319 948,2319 992,2319 1035,2319 1079,2319 1122,2319 1166,2319 1209,2319 1253,2318 1296,2317 1340,2316"/>
                <TextEquiv>
                    <Unicode>srhumadas gloriosas con el opio risueño</Unicode>
                </TextEquiv>
            </TextLine>
            <TextLine id="l_35" custom="readingOrder {index:8;}">
                <Coords points="470,2385 560,2417 626,2383 739,2412 1074,2386 1148,2420 1209,2386 1399,2388 1385,2322 470,2331"/>
                <Baseline points="480,2367 526,2367 572,2370 618,2370 664,2370 710,2370 756,2373 803,2373 849,2372 895,2371 941,2373 987,2373 1033,2373 1079,2373 1126,2373 1172,2373 1218,2373 1264,2373 1310,2375 1356,2376 1403,2376"/>
                <TextEquiv>
                    <Unicode>de las ázules quimeras que volando se van....</Unicode>
                </TextEquiv>
            </TextLine>
            <TextLine id="l_36" custom="readingOrder {index:9;}">
                <Coords points="507,2486 1348,2486 1348,2435 1301,2417 1191,2442 1077,2410 986,2442 766,2410 629,2446 507,2429"/>
                <Baseline points="516,2466 557,2466 599,2466 641,2466 683,2466 725,2468 766,2469 808,2469 850,2469 892,2470 934,2472 975,2472 1017,2472 1059,2472 1101,2472 1143,2472 1184,2472 1226,2472 1268,2472 1310,2472 1352,2472"/>
                <TextEquiv>
                    <Unicode>Tus miradas selectas y mi lírico sueño,</Unicode>
                </TextEquiv>
            </TextLine>
            <TextLine id="l_37" custom="readingOrder {index:10;}">
                <Coords points="470,2530 1383,2540 1383,2479 470,2488"/>
                <Baseline points="480,2516 525,2519 570,2519 616,2519 661,2522 707,2522 752,2519 797,2519 843,2522 888,2522 934,2522 979,2522 1024,2522 1070,2524 1115,2522 1161,2522 1206,2522 1251,2523 1297,2525 1342,2524 1388,2525"/>
                <TextEquiv>
                    <Unicode>transitan por el mundo, incansable volando</Unicode>
                </TextEquiv>
            </TextLine>
            <TextLine id="l_38" custom="readingOrder {index:11;}">
                <Coords points="468,2596 1402,2608 1402,2539 468,2537"/>
                <Baseline points="477,2573 523,2573 569,2573 616,2573 662,2573 709,2574 755,2575 802,2573 848,2574 895,2576 941,2576 987,2576 1034,2576 1080,2576 1127,2578 1173,2577 1220,2576 1266,2578 1313,2579 1359,2579 1406,2579"/>
                <TextEquiv>
                    <Unicode>a la dulce manera de albescentos palomas,</Unicode>
                </TextEquiv>
            </TextLine>
            <TextLine id="l_39" custom="readingOrder {index:12;}">
                <Coords points="519,2698 1399,2699 1399,2645 1341,2625 993,2606 917,2630 846,2589 519,2610"/>
                <Baseline points="528,2669 571,2669 615,2669 659,2672 703,2672 746,2672 790,2672 834,2675 878,2675 921,2673 965,2674 1009,2675 1053,2675 1096,2675 1140,2675 1184,2675 1228,2675 1271,2675 1315,2675 1359,2675 1403,2675"/>
                <TextEquiv>
                    <Unicode>Y no sé si algun día, santamente risueño,</Unicode>
                </TextEquiv>
            </TextLine>
            <TextLine id="l_40" custom="readingOrder {index:13;}">
                <Coords points="468,2742 1414,2740 1414,2698 1341,2686 582,2706 468,2677"/>
                <Baseline points="477,2725 524,2725 571,2725 618,2728 665,2728 712,2728 759,2728 806,2728 853,2728 900,2729 947,2731 994,2731 1041,2731 1088,2731 1135,2731 1182,2731 1229,2731 1276,2731 1323,2731 1370,2731 1418,2731"/>
                <TextEquiv>
                    <Unicode>se tendrán que encontrar, virtuosos gozando</Unicode>
                </TextEquiv>
            </TextLine>
            <TextLine id="l_41" custom="readingOrder {index:14;}">
                <Coords points="470,2791 839,2833 1033,2789 1074,2821 1164,2794 1446,2814 1446,2760 1409,2743 470,2742"/>
                <Baseline points="480,2776 528,2782 577,2782 625,2782 674,2782 722,2783 771,2784 819,2782 868,2782 916,2782 965,2784 1013,2785 1062,2785 1110,2785 1159,2785 1207,2785 1256,2785 1304,2785 1353,2785 1401,2787 1450,2788"/>
                <TextEquiv>
                    <Unicode>de un idilio impregnado de amorosos aroma.</Unicode>
                </TextEquiv>
            </TextLine>
            <TextLine id="l_42" custom="readingOrder {index:15;}">
                <Coords points="967,2882 1045,2902 1096,2877 1204,2890 1243,2875 1263,2892 1292,2872 1426,2895 1451,2889 1451,2833 1302,2816 1221,2833 1116,2807 1071,2826 1011,2794 966,2807"/>
                <Baseline points="976,2863 1001,2863 1026,2863 1051,2863 1077,2864 1102,2865 1127,2866 1152,2866 1178,2866 1203,2866 1228,2866 1253,2866 1279,2866 1304,2866 1329,2866 1354,2866 1380,2866 1405,2868 1430,2869 1456,2869"/>
                <TextEquiv>
                    <Unicode>R. A. JORGE RIVAS..</Unicode>
                </TextEquiv>
            </TextLine>
            <TextLine id="l_43" custom="readingOrder {index:16;}">
                <Coords points="474,2956 1145,2951 1328,2982 1368,2966 1367,2892 989,2880 901,2909 837,2875 748,2912 472,2868"/>
                <Baseline points="483,2937 527,2937 571,2943 616,2943 660,2943 704,2943 749,2943 793,2943 837,2940 882,2940 926,2940 970,2943 1015,2943 1059,2943 1103,2943 1148,2943 1192,2943 1236,2943 1281,2943 1325,2943 1370,2940"/>
                <TextEquiv>
                    <Unicode>De mi próximo libro “Cimas de Epilepsia”.</Unicode>
                </TextEquiv>
            </TextLine>
            <TextLine id="l_44" custom="readingOrder {index:17;}">
                <Coords points="551,3007 1243,3029 1243,2960 1216,2955 551,2963"/>
                <Baseline points="561,3000 595,3000 629,3000 663,3000 698,3000 732,3000 766,3000 801,3000 835,3000 869,3000 904,3000 938,3000 972,3000 1006,3000 1041,3000 1075,3000 1109,3000 1144,3000 1178,3002 1212,3003 1247,3000"/>
                <TextEquiv>
                    <Unicode>(Colección de versos pasionales)</Unicode>
                </TextEquiv>
            </TextLine>
            <TextEquiv>
                <Unicode></Unicode>
            </TextEquiv>
        </TextRegion>
        <TextRegion id="r_2" custom="readingOrder {index:4;}">
            <Coords points="1679,255 2417,255 2417,3155 1679,3155"/>
            <TextLine id="l_48" custom="readingOrder {index:0;}">
                <Coords points="1869,487 2239,480 2238,450 1868,457"/>
                <Baseline points="1869,487 2239,480"/>
                <TextEquiv>
                    <Unicode>Tardes Azules</Unicode>
                </TextEquiv>
            </TextLine>
            <TextLine id="l_49" custom="readingOrder {index:1;}">
                <Coords points="1989,588 2322,584 2322,554 1989,558"/>
                <Baseline points="1989,588 2322,584"/>
                <TextEquiv>
                    <Unicode>A Marincita Rijo, quien</Unicode>
                </TextEquiv>
            </TextLine>
            <TextLine id="l_50" custom="readingOrder {index:2;}">
                <Coords points="1989,634 2352,632 2352,602 1989,604"/>
                <Baseline points="1989,634 2352,632"/>
                <TextEquiv>
                    <Unicode>es rosa de suave perfume</Unicode>
                </TextEquiv>
            </TextLine>
            <TextLine id="l_91" custom="readingOrder {index:3;}">
                <Coords points="1768,744 1850,749 1922,771 2125,775 2156,768 2257,783 2332,778 2335,702 2241,697 2210,704 2172,697 2125,705 2041,692 1991,702 1865,702 1828,692 1768,698"/>
                <Baseline points="1793,764 1872,764 1950,763 2028,762 2106,761 2185,761 2263,761 2344,761"/>
                <TextEquiv>
                    <Unicode>EL cielo azul, diñafano, las</Unicode>
                </TextEquiv>
            </TextLine>
            <TextLine id="l_1" custom="readingOrder {index:4;}">
                <Coords points="1765,773 1816,773 1901,795 1978,794 2029,780 2176,792 2282,775 2350,783 2359,831 2229,841 2137,832 2096,843 2000,822 1942,824 1848,854 1765,852"/>
                <Baseline points="1765,807 1806,806 1869,806 1932,809 1992,811 2055,811 2118,812 2178,814 2241,816 2304,817 2367,817"/>
                <TextEquiv>
                    <Unicode>nubes blancas, parecian</Unicode>
                </TextEquiv>
            </TextLine>
            <TextLine id="l_73" custom="readingOrder {index:5;}">
                <Coords points="1753,866 1759,867 1791,859 1876,862 1987,830 2195,861 2272,844 2339,847 2344,923 2240,922 2208,910 2136,920 2043,917 2017,906 1916,900 1868,883 1777,893 1753,890"/>
                <Baseline points="1753,878 1804,880 1873,881 1942,881 2009,882 2078,883 2147,884 2214,884 2283,884 2352,884"/>
                <TextEquiv>
                    <Unicode>decoradas sobre el afirma-</Unicode>
                </TextEquiv>
            </TextLine>
            <TextLine id="l_95" custom="readingOrder {index:6;}">
                <Coords points="1739,950 1804,950 1896,971 2063,950 2101,966 2349,974 2349,903 2250,903 2155,888 2047,912 2013,900 1739,912"/>
                <Baseline points="1759,937 1818,935 1878,935 1937,936 1998,937 2058,937 2117,937 2178,937 2236,937 2297,938 2358,940"/>
                <TextEquiv>
                    <Unicode>mento, como por una mano</Unicode>
                </TextEquiv>
            </TextLine>
            <TextLine id="l_97" custom="readingOrder {index:7;}">
                <Coords points="1735,1023 1792,1028 1818,1022 1908,1033 2015,1030 2084,1011 2134,1011 2201,1028 2321,1020 2321,959 2254,949 1988,971 1888,956 1835,966 1735,962"/>
                <Baseline points="1768,997 1861,997 1955,998 2051,1000 2144,1000 2237,1000 2334,1000"/>
                <TextEquiv>
                    <Unicode>de artista, el lugar, el mo-</Unicode>
                </TextEquiv>
            </TextLine>
            <TextLine id="l_98" custom="readingOrder {index:8;}">
                <Coords points="1733,1064 1796,1079 1895,1072 1969,1099 2068,1081 2147,1094 2230,1074 2339,1087 2339,1001 2273,1020 2125,1022 2091,1033 2064,1022 1893,1020 1843,1032 1733,1020"/>
                <Baseline points="1753,1059 1812,1061 1870,1062 1929,1062 1989,1062 2048,1062 2107,1062 2167,1062 2226,1060 2284,1059 2345,1059"/>
                <TextEquiv>
                    <Unicode>mento, y la vista, encerra-</Unicode>
                </TextEquiv>
            </TextLine>
            <TextLine id="l_101" custom="readingOrder {index:9;}">
                <Coords points="1755,1143 1964,1148 2046,1135 2143,1148 2184,1143 2266,1159 2326,1152 2318,1086 2165,1094 2143,1101 2091,1087 2038,1094 1926,1074 1878,1082 1844,1077 1744,1081"/>
                <Baseline points="1785,1119 1893,1121 2005,1123 2117,1125 2229,1125 2341,1125"/>
                <TextEquiv>
                    <Unicode>bán un marco para la felici-</Unicode>
                </TextEquiv>
            </TextLine>
            <TextLine id="l_103" custom="readingOrder {index:10;}">
                <Coords points="1723,1214 1737,1218 1765,1204 1784,1214 1807,1197 1817,1202 1824,1196 1842,1196 1839,1138 1814,1143 1792,1137 1773,1150 1765,1143 1762,1147 1734,1143 1720,1148"/>
                <Baseline points="1731,1182 1760,1186 1789,1188 1817,1188 1847,1191"/>
                <TextEquiv>
                    <Unicode>dad.</Unicode>
                </TextEquiv>
            </TextLine>
            <TextLine id="l_105" custom="readingOrder {index:11;}">
                <Coords points="1795,1265 1932,1265 1988,1282 2123,1258 2215,1270 2324,1267 2322,1202 2207,1218 2103,1219 2000,1199 1790,1197"/>
                <Baseline points="1820,1250 1893,1250 1966,1250 2042,1250 2114,1251 2190,1253 2263,1253 2338,1253"/>
                <TextEquiv>
                    <Unicode>Mas allá, el mar azul ma-</Unicode>
                </TextEquiv>
            </TextLine>
            <TextLine id="l_106" custom="readingOrder {index:12;}">
                <Coords points="1772,1353 1853,1362 1929,1355 1969,1359 2078,1347 2146,1350 2187,1342 2312,1348 2312,1293 2267,1293 2227,1282 2167,1281 2070,1296 1853,1274 1832,1279 1772,1277"/>
                <Baseline points="1812,1324 1913,1324 2014,1324 2114,1324 2215,1324 2320,1324"/>
                <TextEquiv>
                    <Unicode>rino en las orillas, y en el</Unicode>
                </TextEquiv>
            </TextLine>
            <TextLine id="l_108" custom="readingOrder {index:13;}">
                <Coords points="1772,1420 1849,1422 1991,1403 2052,1412 2148,1402 2206,1408 2279,1400 2336,1407 2329,1344 2271,1337 2133,1347 2095,1358 2052,1347 1999,1358 1960,1351 1841,1358 1765,1354"/>
                <Baseline points="1803,1384 1910,1382 2018,1382 2125,1384 2233,1384 2344,1387"/>
                <TextEquiv>
                    <Unicode>centro verdoso y relumbran-</Unicode>
                </TextEquiv>
            </TextLine>
            <TextLine id="l_111" custom="readingOrder {index:14;}">
                <Coords points="1741,1466 1853,1466 1919,1453 1982,1458 2058,1444 2135,1454 2194,1448 2278,1470 2312,1470 2305,1400 2211,1392 2177,1399 2135,1392 2107,1399 1989,1397 1954,1405 1895,1394 1787,1422 1734,1421"/>
                <Baseline points="1776,1433 1867,1435 1957,1436 2051,1436 2142,1437 2232,1439 2326,1436"/>
                <TextEquiv>
                    <Unicode>te, las olas subian su espu-</Unicode>
                </TextEquiv>
            </TextLine>
            <TextLine id="l_75" custom="readingOrder {index:15;}">
                <Coords points="1759,1469 1973,1490 2129,1463 2312,1466 2308,1520 2195,1529 2034,1532 1999,1527 1973,1532 1894,1522 1781,1524 1759,1522"/>
                <Baseline points="1759,1515 1868,1511 1981,1508 2094,1508 2208,1508 2325,1508"/>
                <TextEquiv>
                    <Unicode>ma y al caer parecian gran-</Unicode>
                </TextEquiv>
            </TextLine>
            <TextLine id="l_77" custom="readingOrder {index:16;}">
                <Coords points="1776,1529 1786,1529 1839,1533 1865,1529 1939,1531 1981,1538 2070,1536 2134,1541 2276,1534 2323,1595 2181,1594 2081,1605 1976,1627 1776,1632"/>
                <Baseline points="1776,1564 1907,1571 2049,1577 2192,1579 2334,1577"/>
                <TextEquiv>
                    <Unicode>des cantidad de perlas bri-</Unicode>
                </TextEquiv>
            </TextLine>
            <TextLine id="l_114" custom="readingOrder {index:17;}">
                <Coords points="1743,1649 1890,1659 2033,1642 2105,1644 2168,1632 2341,1637 2341,1575 2261,1564 2155,1585 2071,1573 1983,1578 1936,1573 1886,1583 1823,1581 1743,1588"/>
                <Baseline points="1785,1624 1894,1624 2008,1624 2122,1624 2235,1624 2349,1624"/>
                <TextEquiv>
                    <Unicode>llantes que sobre el azul en</Unicode>
                </TextEquiv>
            </TextLine>
            <TextLine id="l_116" custom="readingOrder {index:18;}">
                <Coords points="1741,1706 1830,1706 1855,1713 1885,1708 1947,1723 2091,1701 2190,1723 2308,1717 2308,1659 2271,1659 2224,1647 2128,1652 2010,1642 1947,1654 1830,1659 1741,1649"/>
                <Baseline points="1778,1686 1885,1685 1995,1683 2106,1683 2216,1683 2327,1683"/>
                <TextEquiv>
                    <Unicode>movimiento de las aguas,</Unicode>
                </TextEquiv>
            </TextLine>
            <TextLine id="l_79" custom="readingOrder {index:19;}">
                <Coords points="1747,1732 1840,1744 1905,1724 2015,1720 2073,1732 2179,1717 2341,1732 2347,1773 2258,1779 1998,1778 1861,1761 1802,1771 1747,1758"/>
                <Baseline points="1747,1754 1830,1755 1919,1755 2005,1755 2094,1756 2179,1760 2269,1760 2358,1758"/>
                <TextEquiv>
                    <Unicode>caian sin cesar, en la playa</Unicode>
                </TextEquiv>
            </TextLine>
            <TextLine id="l_117" custom="readingOrder {index:20;}">
                <Coords points="1771,1842 1838,1843 1867,1850 2003,1832 2104,1838 2206,1820 2337,1830 2337,1759 2206,1771 2124,1762 2090,1766 2051,1759 1974,1764 1935,1757 1887,1767 1814,1757 1761,1757"/>
                <Baseline points="1805,1809 1940,1807 2080,1807 2216,1809 2356,1809"/>
                <TextEquiv>
                    <Unicode>y sobre la arena gris una</Unicode>
                </TextEquiv>
            </TextLine>
            <TextLine id="l_119" custom="readingOrder {index:21;}">
                <Coords points="1768,1889 2010,1896 2055,1911 2209,1901 2241,1914 2332,1916 2335,1838 2222,1831 2090,1855 2045,1847 1980,1860 1959,1852 1913,1859 1867,1842 1773,1837"/>
                <Baseline points="1798,1881 1865,1881 1935,1881 2002,1881 2072,1881 2139,1881 2209,1880 2276,1878 2346,1878"/>
                <TextEquiv>
                    <Unicode>mujer bella, de ojos glaucos</Unicode>
                </TextEquiv>
            </TextLine>
            <TextLine id="l_2" custom="readingOrder {index:22;}">
                <Coords points="1753,1939 2372,1934 2372,1904 1753,1909"/>
                <Baseline points="1753,1939 2372,1934"/>
                <TextEquiv>
                    <Unicode>de boca breve, de manos</Unicode>
                </TextEquiv>
            </TextLine>
            <TextLine id="l_45" custom="readingOrder {index:23;}">
                <Coords points="1755,2009 2360,2005 2360,1975 1755,1979"/>
                <Baseline points="1755,2009 2360,2005"/>
                <TextEquiv>
                    <Unicode>nacaradas, jugaba con los</Unicode>
                </TextEquiv>
            </TextLine>
            <TextLine id="l_81" custom="readingOrder {index:24;}">
                <Coords points="1759,2014 1803,2019 1871,2007 1928,2023 1967,2016 2032,2029 2300,2019 2345,2026 2345,2100 2287,2090 2235,2099 2087,2097 2032,2085 1759,2109"/>
                <Baseline points="1759,2064 1821,2066 1886,2067 1954,2067 2019,2067 2087,2067 2152,2067 2220,2067 2285,2067 2353,2067"/>
                <TextEquiv>
                    <Unicode>caracoles, mientras el pre-</Unicode>
                </TextEquiv>
            </TextLine>
            <TextLine id="l_124" custom="readingOrder {index:25;}">
                <Coords points="1753,2139 1894,2155 1972,2141 2141,2136 2227,2156 2313,2155 2317,2087 2227,2092 2164,2084 2031,2084 1980,2075 1886,2084 1828,2077 1761,2084"/>
                <Baseline points="1788,2119 1894,2119 2000,2119 2109,2119 2215,2118 2325,2116"/>
                <TextEquiv>
                    <Unicode>dilecto, el dueño de su a-</Unicode>
                </TextEquiv>
            </TextLine>
            <TextLine id="l_125" custom="readingOrder {index:26;}">
                <Coords points="1790,2209 1989,2202 2154,2207 2182,2202 2314,2204 2303,2155 2248,2153 2182,2158 2060,2146 1922,2153 1834,2145 1779,2145"/>
                <Baseline points="1829,2179 1994,2181 2160,2182 2325,2182"/>
                <TextEquiv>
                    <Unicode>mor, venia a pasos suaves,</Unicode>
                </TextEquiv>
            </TextLine>
            <TextLine id="l_127" custom="readingOrder {index:27;}">
                <Coords points="1742,2263 1946,2261 2119,2278 2213,2261 2236,2266 2346,2261 2350,2205 2303,2205 2260,2214 2232,2205 2177,2209 2119,2197 2060,2205 2001,2197 1801,2216 1754,2214"/>
                <Baseline points="1785,2254 1899,2250 2013,2248 2126,2246 2240,2245 2358,2245"/>
                <TextEquiv>
                    <Unicode>y ya cerca de ella, le sor-</Unicode>
                </TextEquiv>
            </TextLine>
            <TextLine id="l_129" custom="readingOrder {index:28;}">
                <Coords points="1758,2342 1901,2339 1945,2331 2096,2341 2157,2331 2218,2334 2267,2322 2315,2324 2336,2261 2189,2265 2080,2280 2047,2276 2019,2281 1897,2278 1832,2283 1771,2276"/>
                <Baseline points="1803,2313 1909,2309 2015,2306 2120,2305 2226,2304 2336,2304"/>
                <TextEquiv>
                    <Unicode>prende, y su grito de alar-</Unicode>
                </TextEquiv>
            </TextLine>
            <TextLine id="l_131" custom="readingOrder {index:29;}">
                <Coords points="1693,2391 1767,2391 1890,2402 1956,2395 2046,2395 2112,2402 2194,2393 2350,2391 2350,2331 2235,2329 2136,2339 2013,2337 1931,2344 1776,2329 1693,2329"/>
                <Baseline points="1776,2363 2079,2366 2383,2364"/>
                <TextEquiv>
                    <Unicode>ma y de satisfacción a la</Unicode>
                </TextEquiv>
            </TextLine>
            <TextLine id="l_47" custom="readingOrder {index:30;}">
                <Coords points="1755,2438 2365,2433 2365,2403 1755,2408"/>
                <Baseline points="1755,2438 2365,2433"/>
                <TextEquiv>
                    <Unicode>vez, se ahoga en un beso mu-</Unicode>
                </TextEquiv>
            </TextLine>
            <TextLine id="l_134" custom="readingOrder {index:31;}">
                <Coords points="1778,2512 1866,2515 1888,2510 1963,2522 2025,2518 2126,2528 2192,2518 2319,2523 2337,2452 2240,2447 2192,2456 2148,2452 2095,2464 2025,2457 1928,2459 1831,2440 1783,2442"/>
                <Baseline points="1818,2492 1945,2489 2077,2489 2209,2488 2341,2486"/>
                <TextEquiv>
                    <Unicode>tuo, entre unos labios rojos</Unicode>
                </TextEquiv>
            </TextLine>
            <TextLine id="l_136" custom="readingOrder {index:32;}">
                <Coords points="1766,2566 1969,2576 2021,2588 2073,2581 2182,2595 2213,2590 2286,2592 2338,2514 2297,2512 2208,2519 2099,2500 2083,2504 1979,2500 1870,2478 1828,2477"/>
                <Baseline points="1818,2566 1990,2559 2161,2555 2333,2553"/>
                <TextEquiv>
                    <Unicode>i unos labios deseosos de</Unicode>
                </TextEquiv>
            </TextLine>
            <TextLine id="l_138" custom="readingOrder {index:33;}">
                <Coords points="1762,2626 1851,2635 1894,2623 1969,2640 2091,2636 2142,2646 2242,2645 2287,2628 2366,2633 2366,2589 2255,2597 2123,2577 1969,2599 1913,2585 1886,2591 1851,2579 1762,2574"/>
                <Baseline points="1789,2626 1861,2624 1934,2622 2007,2621 2083,2621 2155,2623 2228,2623 2301,2624 2376,2626"/>
                <TextEquiv>
                    <Unicode>sellar un instante feliz de la</Unicode>
                </TextEquiv>
            </TextLine>
            <TextLine id="l_140" custom="readingOrder {index:34;}">
                <Coords points="1751,2723 1764,2730 1787,2718 1807,2696 1823,2701 1832,2687 1840,2694 1871,2689 1869,2635 1846,2642 1824,2630 1799,2632 1788,2620 1775,2630 1746,2618"/>
                <Baseline points="1753,2667 1770,2670 1788,2672 1805,2674 1822,2676 1839,2678 1857,2679 1874,2681"/>
                <TextEquiv>
                    <Unicode>vida</Unicode>
                </TextEquiv>
            </TextLine>
            <TextLine id="l_143" custom="readingOrder {index:35;}">
                <Coords points="1811,2823 1948,2828 1969,2819 2007,2828 2106,2829 2173,2816 2189,2823 2268,2818 2295,2814 2295,2758 2239,2762 2083,2731 2025,2747 1964,2748 1881,2731 1849,2738 1809,2731"/>
                <Baseline points="1834,2782 1892,2782 1951,2782 2009,2784 2068,2785 2126,2785 2185,2785 2243,2785 2304,2785"/>
                <TextEquiv>
                    <Unicode>MANUEL A. MENA hijo.</Unicode>
                </TextEquiv>
            </TextLine>
            <TextLine id="l_145" custom="readingOrder {index:36;}">
                <Coords points="1748,2890 1871,2927 2053,2917 2072,2931 2147,2912 2145,2860 2093,2860 2053,2838 2025,2851 1940,2834 1875,2838 1844,2853 1816,2834 1794,2845 1748,2838"/>
                <Baseline points="1759,2892 1788,2891 1818,2892 1849,2895 1879,2897 1909,2897 1940,2897 1969,2897 1999,2897 2029,2897 2060,2895 2090,2895 2120,2897 2151,2894"/>
                <TextEquiv>
                    <Unicode>Septiembre 1923</Unicode>
                </TextEquiv>
            </TextLine>
            <TextLine id="l_85" custom="readingOrder {index:37;}">
                <Coords points="1679,3123 1693,3168 1679,3168"/>
                <Baseline points="1679,3140 1695,3140"/>
                <TextEquiv>
                    <Unicode>S aegs aaaa.</Unicode>
                </TextEquiv>
            </TextLine>
            <TextEquiv>
                <Unicode></Unicode>
            </TextEquiv>
        </TextRegion>
    </Page>
</PcGts>
