2479 3508
231 149 428 249 Página 9
1918 163 2198 281 Femina
814 217 1601 355 DIALOGANDO
233 342 821 443 UNA mañana muy tem-
188 360 826 480 prano, cuando apenas
185 464 821 543 el rey de los astros, comien
181 509 825 584 za a inundar de luz a la
186 563 823 635 tierra, y el ruiseñor a ento-
181 618 821 688 nar el himno de salutación
183 679 819 739 al gran Hacedor, senta-
183 730 821 794 do en un banco en el jar-
181 769 816 846 dín, estudiaba mis leccio-
190 832 823 894 nes; cerca de mí y por
185 877 821 943 fina galantería me hacía
185 934 819 998 amable compañía, una de
185 986 821 1052 mis niñas quien a su vez.
181 1045 821 1124 distraía su ocio en cortarle
186 1088 697 1162 trajes a sus muñecas.
237 1153 821 1210 Papá, me dice la peque-
185 1192 810 1267 ñuela (enseñándome algu
185 1255 819 1343 nos retazos que tenía a su al
893 344 1529 430 rededor) éste, es de seda del
885 419 1524 493 Japón, este otro, es Chifón,
891 479 1524 556 aquel Crespón. Qué boni-
893 518 984 595 tos?
952 549 1522 652 Verdad, papá? Cómpre-
891 617 1518 692 me algunos, mira que me
891 679 1292 742 encantan mucho.
943 721 1520 798 Sí muy bonitos, repli-
884 789 1524 859 qué; pero no deseo qué en
893 841 1529 911 una edad tan temprana, ni
887 900 1527 975 a niuguna, te gusten mu-
887 943 1524 1027 cho esas telas ricas. Por
894 995 1160 1070 qué papá?..
941 1027 1527 1119 Si yo he visto a varias
885 1090 1520 1176 niñas de mi edad, con ves-
885 1145 1524 1224 tidos de Chifón. Hija
885 1203 1525 1283 mía, le contesté; el deseo.
887 1262 1522 1343 de llevar trajes confeccio-
1588 341 2219 437 nados con ellas, ha sido la
1594 428 2223 502 causa de d. muchos hogares.
1590 482 2228 541 honrados y ricos, hayan
1586 534 2221 611 ido a la ruina, al deshonor
1590 586 2219 663 que, es más y Co-
1594 631 2219 695 mo?. Me haces una pre-
1585 695 2219 758 gunta que te contestaré,
1594 746 2219 801 cuando seas mas grande.
1592 798 2214 866 Sigue por ahora juiciosa y
1586 851 2217 920 aplicada en tus lecciones.
1586 898 2217 975 Imi niña como es obedien¬
1586 946 2214 1011 te, dejó de interrogarme,
1599 1002 2226 1090 para continuar cortando
1594 1058 2117 1145 sus trajes de muñecas.
1873 1135 2169 1246 M. BAEZ G.
1592 1230 1889 1355 Villa Colón.
475 1328 1913 1454 UNA NOCHE DE LUNA A ORILLAS DEL MANSO RIO.
199 1500 819 1610 LAS noches ilumivadas
185 1588 821 1642 por la luna, tienen un
185 1640 819 1699 no sé qué de misteriosa
185 1690 819 1757 melancolia, que es dulce i
176 1742 816 1800 a la vez triste contemplar
181 1794 819 1852 las maravillas de la Natu-
183 1848 821 1916 raleza en esas horas en que
185 1895 816 1957 no se oye el builicio de la
185 1952 814 2015 gente i en que yace sumi-
185 2009 819 2086 da en un profundo letargo
181 2049 627 2135 la creación entera.
231 2085 814 2181 Lasí, bajo esa tranquili-
174 2147 814 2226 dad de la noche lunar; de¬
185 2216 819 2278 siertas calles i plazas de la
185 2266 819 2350 ciudad; tranquilo, agrada-
891 1507 1518 1608 ble i balsámico el ambien-
885 1577 1529 1653 te es de ver cómo los pálidos.
887 1640 1524 1703 iapacibles rayos de la lu-
884 1689 1515 1762 na se reflejan en la super-
885 1744 1524 1828 ficie del manso ¡anchuroso
887 1796 986 1870 riol
961 1832 1520 1909 Entonces, nos parece
885 1877 1520 1959 más hermoso el cielo, que
882 1957 1518 2022 se torna diáfano i brillan¬
887 2008 1522 2078 te por donde vaga la luna.
880 2052 1516 2129 silenciosa, eclipsando el
885 2112 1520 2174 brillo de las estrellas i casi
885 2156 1524 2221 todos los astros del univer-
891 2217 1518 2300 so parece le rinden su me-
885 2262 1296 2350 recido homenaje.
1676 1450 2178 1551 Para Petronila d. Gómez.
1642 1525 2219 1617 ¡Ique melancolía inde¬
1585 1588 2138 1674 finible iuspira al alma!
1638 1642 2230 1717 En esas noches, busca la
1585 1685 2221 1764 soledad, para de ese modo,
1590 1760 2219 1834 evocar recuerdos alegres y
1594 1803 2223 1866 tristes, ilusiones idas, que
1594 1859 2221 1932 nacieron bajo la luz bri-
1594 1904 2219 1975 llante de la bella luna, en
1590 1963 2224 2040 esas inolvidables noches
1583 2009 2004 2095 del mes de Abrill
1644 2095 2199 2207 ALTAGRAGIA DOMINGUEZ.
1633 2185 2061 2291 S. P. de Macoris,
1762 2250 2174 2359 Junio 20 de 1923
486 2337 898 2438 MI SONETO
823 2404 1015 2492 A NADIE
317 2477 1011 2547 Como nadie me pide este soneto,
240 2510 896 2576 no le dedico este soneto a nadie.
240 2547 1020 2642 ¡he de acabar antes que Febo irradie!
240 2615 902 2669 un soneto acabado, lo prometo.
310 2665 902 2717 Para salir airoso del aprieto
240 2701 887 2768 pido permiso para usar irradie
237 2744 979 2823 por ser vocablo que termina en adíe.
240 2800 893 2873 ¡acabar con el último cuarteto.
321 2841 975 2904 Si nadie me pidió ninguna cosa
231 2891 970 2968 ¡esto de hacer, señores, un soneto
237 2941 778 3001 es cosa por dificil enojosa.
330 2961 1135 3051 para qué me he metido en tal aprieto.!
235 3002 995 3090 si fuera como el cuento del candado:
240 3076 1054 3153 que todo está en decir ya está acabado.
522 3121 1093 3205 RAMON A. ABAD MENDEZ.
1436 2337 2018 2456 SOLUCION A LA CHARADA NO. 12.
1574 2429 1870 2527 Dominó.
1427 2567 2029 2667 CHARADA NO. 13.
1226 2687 2219 2773 Prima dos el tercia cueata cuarta puede medrar
1222 2764 1965 2836 así lo afirma Don primera dos final.
1235 2829 2013 2924 El Señor tres cuarta dice: poco a poco,
1226 2898 2060 2985 que el dos cuarta, cuarta se da tampoco:
1228 2961 2060 3053 ¿Cual es el todo? He prima dos el jaque
1226 3044 1807 3137 ¿Pues rejistra el almanaque.
1986 3106 2088 3191 Luz.
