<?xml version="1.0" encoding="UTF-8" standalone="yes"?>
<PcGts xmlns="http://schema.primaresearch.org/PAGE/gts/pagecontent/2013-07-15" xmlns:xsi="http://www.w3.org/2001/XMLSchema-instance" xsi:schemaLocation="http://schema.primaresearch.org/PAGE/gts/pagecontent/2013-07-15 http://schema.primaresearch.org/PAGE/gts/pagecontent/2013-07-15/pagecontent.xsd">
    <Metadata>
        <Creator>prov=READ-COOP:name=PyLaia@TranskribusPlatform:version=2.43.0:model_id=558697:lm=none:date=12_05_2026_10:30</Creator>
        <Created>2025-10-15T18:38:04.486+02:00</Created>
        <LastChange>2026-05-25T22:32:53.702+02:00</LastChange>
        <TranskribusMetadata docId="11368975" pageId="104387599" pageNr="10" tsid="288917579" status="IN_PROGRESS" userId="500001" imgUrl="https://files.transkribus.eu/Get?fileType=view&amp;id=YAUKJKYFPFFLSMPEKSTHZZJQ" xmlUrl="https://files.transkribus.eu/Get?id=PSZOEBJNZSFYNOXJBLNZEKLL" imageId="87597263"/>
    </Metadata>
    <Page imageFilename="0010_p010.jpg" imageWidth="2479" imageHeight="3508">
        <ReadingOrder>
            <OrderedGroup id="ro_1781166501062" caption="Regions reading order">
                <RegionRefIndexed index="0" regionRef="r_3"/>
                <RegionRefIndexed index="1" regionRef="r_2"/>
                <RegionRefIndexed index="2" regionRef="r"/>
                <RegionRefIndexed index="3" regionRef="r_5"/>
                <RegionRefIndexed index="4" regionRef="r_1"/>
            </OrderedGroup>
        </ReadingOrder>
        <TextRegion id="r_3" custom="readingOrder {index:0;}">
            <Coords points="631,222 297,222 297,170 631,170"/>
            <TextLine id="l_115" custom="readingOrder {index:0;}">
                <Coords points="327,223 369,221 402,235 430,225 450,243 532,225 566,247 594,249 594,153 558,163 484,153 440,181 412,171 327,173"/>
                <Baseline points="337,217 363,215 389,214 415,214 441,214 467,214 493,214 519,214 545,214 571,214 597,214"/>
                <TextEquiv>
                    <Unicode>Fémina</Unicode>
                </TextEquiv>
            </TextLine>
            <TextEquiv>
                <Unicode></Unicode>
            </TextEquiv>
        </TextRegion>
        <TextRegion id="r_2" custom="readingOrder {index:1;}">
            <Coords points="2096,170 2392,170 2392,216 2096,216"/>
            <TextLine id="l_114" custom="readingOrder {index:0;}">
                <Coords points="2098,203 2132,209 2160,235 2206,211 2254,241 2325,239 2331,149 2259,167 2232,151 2198,155 2168,139 2100,159"/>
                <Baseline points="2110,203 2138,203 2166,203 2194,203 2222,202 2250,200 2278,198 2306,195 2334,191"/>
                <TextEquiv>
                    <Unicode>Página 10</Unicode>
                </TextEquiv>
            </TextLine>
            <TextEquiv>
                <Unicode></Unicode>
            </TextEquiv>
        </TextRegion>
        <TextRegion id="r" custom="readingOrder {index:2;}">
            <Coords points="298,490 298,250 2391,250 2391,490"/>
            <TextLine id="l" custom="readingOrder {index:0;}">
                <Coords points="602,426 793,410 863,450 1118,408 1253,450 1664,391 1845,448 2204,438 2198,329 1542,357 1508,323 1201,319 1042,381 749,313 602,375"/>
                <Baseline points="613,405 692,412 772,412 851,413 931,415 1011,420 1090,415 1170,412 1250,409 1329,406 1409,406 1489,404 1568,402 1648,394 1728,400 1807,401 1887,403 1967,403 2046,403 2126,398 2206,397"/>
                <TextEquiv>
                    <Unicode>Por el Mundo Social</Unicode>
                </TextEquiv>
            </TextLine>
            <TextEquiv>
                <Unicode></Unicode>
            </TextEquiv>
        </TextRegion>
        <TextRegion id="r_5" custom="readingOrder {index:3;}">
            <Coords points="1324,3186 298,3186 298,490 1324,490"/>
            <TextLine id="l_23" custom="readingOrder {index:0;}">
                <Coords points="329,652 1299,648 1299,598 1215,574 1054,612 797,568 329,594"/>
                <Baseline points="340,638 388,638 436,638 484,638 532,638 581,638 629,635 677,635 725,635 773,638 822,635 870,635 918,635 966,635 1014,635 1063,635 1111,635 1159,633 1207,632 1255,632 1304,629"/>
                <TextEquiv>
                    <Unicode>Nuestra Redactora. —Nos escribe nuestra querida re</Unicode>
                </TextEquiv>
            </TextLine>
            <TextLine id="l_25" custom="readingOrder {index:1;}">
                <Coords points="291,691 1305,691 1291,642 291,638"/>
                <Baseline points="301,680 351,683 401,681 452,680 502,683 553,680 603,680 654,680 704,680 755,680 805,680 855,680 906,680 956,677 1007,677 1057,677 1108,677 1158,677 1209,677 1259,674 1310,671"/>
                <TextEquiv>
                    <Unicode>dactora doña Consuelo Montalvo de Frías, que se</Unicode>
                </TextEquiv>
            </TextLine>
            <TextLine id="l_27" custom="readingOrder {index:2;}">
                <Coords points="291,741 1299,731 1277,687 291,689"/>
                <Baseline points="301,725 351,723 401,724 451,725 501,725 551,725 601,725 652,725 702,725 752,725 802,723 852,725 902,725 952,722 1003,723 1053,724 1103,722 1153,722 1203,722 1253,722 1304,722"/>
                <TextEquiv>
                    <Unicode>siente un poco mejor de los quebrantos que inva-</Unicode>
                </TextEquiv>
            </TextLine>
            <TextLine id="l_29" custom="readingOrder {index:3;}">
                <Coords points="287,785 1305,779 1305,733 1245,727 287,741"/>
                <Baseline points="298,767 348,767 399,770 449,770 500,770 551,770 601,770 652,770 702,770 753,770 804,767 854,768 905,770 955,770 1006,770 1057,770 1107,767 1158,765 1208,767 1259,767 1310,767"/>
                <TextEquiv>
                    <Unicode>dieron su salud, i que está deseosa de estar al</Unicode>
                </TextEquiv>
            </TextLine>
            <TextLine id="l_31" custom="readingOrder {index:4;}">
                <Coords points="287,829 1301,835 1301,781 1247,775 287,785"/>
                <Baseline points="298,812 348,812 398,812 449,809 499,812 550,812 600,812 651,812 701,812 752,812 802,812 852,815 903,815 953,812 1004,814 1054,812 1105,812 1155,812 1206,812 1256,812 1307,809"/>
                <TextEquiv>
                    <Unicode>lado de su esposo, entregada a las faenas del ho-</Unicode>
                </TextEquiv>
            </TextLine>
            <TextLine id="l_33" custom="readingOrder {index:5;}">
                <Coords points="297,885 1263,865 1241,815 297,825"/>
                <Baseline points="307,862 355,859 403,857 451,858 499,857 547,856 595,859 643,856 691,856 739,856 787,856 835,857 883,858 931,856 979,856 1027,856 1075,854 1123,853 1171,853 1219,853 1268,853"/>
                <TextEquiv>
                    <Unicode>gar, ilaborando por su querida hija Fémina.</Unicode>
                </TextEquiv>
            </TextLine>
            <TextLine id="l_35" custom="readingOrder {index:6;}">
                <Coords points="329,913 1299,919 1299,861 719,889 329,865"/>
                <Baseline points="340,901 388,901 436,901 484,901 532,901 581,901 629,901 677,904 725,901 773,901 822,901 870,901 918,901 966,901 1014,901 1063,901 1111,901 1159,901 1207,901 1255,898 1304,898"/>
                <TextEquiv>
                    <Unicode>Le aconsejamos prolongue su reposo hasta</Unicode>
                </TextEquiv>
            </TextLine>
            <TextLine id="l_37" custom="readingOrder {index:7;}">
                <Coords points="291,960 1287,960 1259,909 291,913"/>
                <Baseline points="301,943 350,946 400,943 449,944 499,946 548,946 598,946 647,946 697,946 746,946 796,946 846,946 895,946 945,946 994,946 1044,946 1093,946 1143,944 1192,945 1242,946 1292,940"/>
                <TextEquiv>
                    <Unicode>conseguir su total restablecimiento, y le expre-</Unicode>
                </TextEquiv>
            </TextLine>
            <TextLine id="l_39" custom="readingOrder {index:8;}">
                <Coords points="291,1000 1299,1002 1299,954 1243,950 291,960"/>
                <Baseline points="301,991 351,991 401,991 451,991 501,991 551,991 601,991 652,991 702,991 752,991 802,989 852,991 902,991 952,991 1003,991 1053,991 1103,991 1153,989 1203,990 1253,988 1304,988"/>
                <TextEquiv>
                    <Unicode>samos nuestro deseo de verla pronto risuñay</Unicode>
                </TextEquiv>
            </TextLine>
            <TextLine id="l_41" custom="readingOrder {index:9;}">
                <Coords points="293,1066 303,1066 313,1056 321,1058 333,1048 345,1048 353,1054 361,1048 371,1054 379,1050 385,1056 410,1054 410,1002 393,1000 385,1006 361,1000 357,1004 349,996 339,1006 327,998 307,1006 293,1004"/>
                <Baseline points="304,1032 331,1032 359,1033 386,1034 414,1032"/>
                <TextEquiv>
                    <Unicode>feliz.</Unicode>
                </TextEquiv>
            </TextLine>
            <TextLine id="l_43" custom="readingOrder {index:10;}">
                <Coords points="329,1130 1313,1128 1313,1050 1261,1044 885,1084 779,1058 739,1092 665,1046 542,1078 329,1050"/>
                <Baseline points="340,1113 388,1115 437,1119 486,1119 535,1119 584,1119 632,1119 681,1119 730,1119 779,1119 828,1119 876,1119 925,1119 974,1119 1023,1119 1072,1119 1120,1119 1169,1119 1218,1119 1267,1114 1316,1110"/>
                <TextEquiv>
                    <Unicode>De colaboración. —Para nuestra próximi edición te</Unicode>
                </TextEquiv>
            </TextLine>
            <TextLine id="l_45" custom="readingOrder {index:11;}">
                <Coords points="297,1172 1307,1174 1307,1134 1190,1124 297,1124"/>
                <Baseline points="307,1161 357,1162 407,1161 457,1164 508,1164 558,1164 608,1164 659,1164 709,1164 759,1164 810,1162 860,1164 910,1161 960,1164 1011,1164 1061,1163 1111,1162 1162,1162 1212,1161 1262,1161 1313,1158"/>
                <TextEquiv>
                    <Unicode>nemos en cartera mui bellos trabajos de plumas</Unicode>
                </TextEquiv>
            </TextLine>
            <TextLine id="l_47" custom="readingOrder {index:12;}">
                <Coords points="297,1211 1307,1219 1277,1168 297,1172"/>
                <Baseline points="307,1203 357,1206 407,1206 457,1206 508,1206 558,1206 608,1206 659,1206 709,1206 759,1206 810,1207 860,1208 910,1206 960,1206 1011,1208 1061,1204 1111,1206 1162,1206 1212,1206 1262,1206 1313,1206"/>
                <TextEquiv>
                    <Unicode>femeninas entre ellos una interesante producción.</Unicode>
                </TextEquiv>
            </TextLine>
            <TextLine id="l_49" custom="readingOrder {index:13;}">
                <Coords points="293,1263 1307,1259 1241,1211 291,1209"/>
                <Baseline points="301,1247 351,1247 401,1245 452,1247 502,1248 553,1250 603,1250 654,1250 704,1250 755,1250 805,1251 855,1253 906,1253 956,1251 1007,1248 1057,1250 1108,1250 1158,1247 1209,1250 1259,1250 1310,1247"/>
                <TextEquiv>
                    <Unicode>en verso, de nuestra distinguida colaboradora</Unicode>
                </TextEquiv>
            </TextLine>
            <TextLine id="l_51" custom="readingOrder {index:14;}">
                <Coords points="293,1319 1293,1305 1293,1255 293,1255"/>
                <Baseline points="304,1292 353,1292 403,1294 453,1293 502,1295 552,1295 602,1293 651,1292 701,1295 751,1295 801,1295 850,1295 900,1295 950,1295 999,1295 1049,1295 1099,1295 1148,1295 1198,1295 1248,1292 1298,1295"/>
                <TextEquiv>
                    <Unicode>Doña Isabel A. Vda, Pellerano, refiriéndose a al</Unicode>
                </TextEquiv>
            </TextLine>
            <TextLine id="l_53" custom="readingOrder {index:15;}">
                <Coords points="299,1355 1305,1351 1275,1303 299,1307"/>
                <Baseline points="310,1334 360,1337 410,1337 460,1337 510,1338 560,1340 610,1338 660,1337 710,1334 760,1337 810,1340 860,1340 910,1340 960,1340 1010,1340 1060,1340 1110,1340 1160,1337 1210,1340 1260,1339 1310,1337"/>
                <TextEquiv>
                    <Unicode>gunas estrofas de «Almi Nativas, composición</Unicode>
                </TextEquiv>
            </TextLine>
            <TextLine id="l_55" custom="readingOrder {index:16;}">
                <Coords points="297,1399 1301,1399 1277,1343 297,1351"/>
                <Baseline points="307,1379 356,1382 406,1382 456,1382 506,1382 556,1384 606,1383 655,1384 705,1382 755,1382 805,1385 855,1385 905,1385 955,1384 1004,1382 1054,1384 1104,1383 1154,1382 1204,1382 1254,1382 1304,1385"/>
                <TextEquiv>
                    <Unicode>poética del inspirado bardo Ledo Bald-maro Ri-</Unicode>
                </TextEquiv>
            </TextLine>
            <TextLine id="l_57" custom="readingOrder {index:17;}">
                <Coords points="293,1451 1307,1439 1283,1391 291,1401"/>
                <Baseline points="304,1427 354,1427 404,1427 454,1427 505,1427 555,1429 605,1430 656,1430 706,1427 756,1427 807,1430 857,1430 907,1430 957,1430 1008,1430 1058,1430 1108,1430 1159,1430 1209,1429 1259,1428 1310,1427"/>
                <TextEquiv>
                    <Unicode>jo, que publicamos en una de nuestras pasadas</Unicode>
                </TextEquiv>
            </TextLine>
            <TextLine id="l_59" custom="readingOrder {index:18;}">
                <Coords points="293,1480 349,1494 389,1482 397,1488 440,1482 448,1490 482,1484 494,1496 516,1494 516,1447 480,1453 400,1435 383,1449 369,1437 339,1435 309,1453 293,1451"/>
                <Baseline points="304,1468 331,1468 358,1468 385,1468 413,1468 440,1468 467,1468 494,1468 522,1468"/>
                <TextEquiv>
                    <Unicode>ediciones..</Unicode>
                </TextEquiv>
            </TextLine>
            <TextLine id="l_62" custom="readingOrder {index:19;}">
                <Coords points="341,1572 1305,1570 1293,1506 341,1508"/>
                <Baseline points="352,1552 399,1552 447,1555 495,1556 543,1558 591,1558 639,1557 687,1555 735,1555 783,1555 831,1555 878,1557 926,1556 974,1558 1022,1555 1070,1558 1118,1558 1166,1557 1214,1554 1262,1553 1310,1552"/>
                <TextEquiv>
                    <Unicode>Hogares de plácemes.—Los esposos Don Antonio Ca-</Unicode>
                </TextEquiv>
            </TextLine>
            <TextLine id="l_64" custom="readingOrder {index:20;}">
                <Coords points="293,1612 1307,1612 1307,1568 293,1566"/>
                <Baseline points="304,1597 354,1597 404,1597 454,1597 505,1600 555,1600 605,1599 656,1598 706,1600 756,1600 807,1600 857,1600 907,1600 957,1600 1008,1600 1058,1600 1108,1600 1159,1598 1209,1599 1259,1597 1310,1594"/>
                <TextEquiv>
                    <Unicode>sanovas i Doña Constanza de Casanovas, sabo¬</Unicode>
                </TextEquiv>
            </TextLine>
            <TextLine id="l_66" custom="readingOrder {index:21;}">
                <Coords points="303,1658 1307,1660 1307,1614 1174,1604 303,1612"/>
                <Baseline points="313,1642 362,1639 412,1640 462,1642 512,1642 562,1642 612,1644 661,1643 711,1645 761,1642 811,1645 861,1642 911,1642 961,1642 1010,1642 1060,1642 1110,1642 1160,1642 1210,1642 1260,1642 1310,1642"/>
                <TextEquiv>
                    <Unicode>rean la dicha del advenimiento el día 3 del co-</Unicode>
                </TextEquiv>
            </TextLine>
            <TextLine id="l_68" custom="readingOrder {index:22;}">
                <Coords points="305,1714 1215,1698 1215,1660 1156,1646 305,1660"/>
                <Baseline points="316,1683 361,1683 406,1683 451,1686 497,1686 542,1686 587,1686 632,1689 678,1689 723,1689 768,1689 813,1689 859,1689 904,1689 949,1689 994,1689 1040,1689 1085,1688 1130,1685 1175,1684 1221,1683"/>
                <TextEquiv>
                    <Unicode>rriente de un vástago que se llamará Diego,</Unicode>
                </TextEquiv>
            </TextLine>
            <TextLine id="l_70" custom="readingOrder {index:23;}">
                <Coords points="347,1743 1301,1743 1301,1694 1229,1690 347,1698"/>
                <Baseline points="358,1725 405,1731 452,1731 500,1731 547,1731 595,1731 642,1731 690,1731 737,1731 785,1731 832,1731 879,1731 927,1731 974,1733 1022,1734 1069,1734 1117,1731 1164,1728 1212,1731 1259,1731 1307,1731"/>
                <TextEquiv>
                    <Unicode>Tambien los esposos Silverio Damato ¡ Toma</Unicode>
                </TextEquiv>
            </TextLine>
            <TextLine id="l_72" custom="readingOrder {index:24;}">
                <Coords points="299,1797 1305,1795 1277,1739 299,1726"/>
                <Baseline points="310,1770 360,1773 410,1773 460,1774 510,1775 560,1775 610,1776 660,1776 710,1776 760,1776 810,1776 860,1776 910,1776 960,1776 1010,1776 1060,1776 1110,1773 1160,1776 1210,1776 1260,1775 1310,1776"/>
                <TextEquiv>
                    <Unicode>sita Y. de Damato experimentan el mismo placer</Unicode>
                </TextEquiv>
            </TextLine>
            <TextLine id="l_74" custom="readingOrder {index:25;}">
                <Coords points="303,1833 1247,1837 1235,1785 303,1789"/>
                <Baseline points="313,1818 360,1818 407,1818 454,1818 501,1820 548,1819 595,1820 642,1819 689,1821 736,1821 783,1822 830,1824 877,1822 924,1821 971,1821 1018,1821 1065,1821 1112,1821 1159,1818 1206,1818 1253,1821"/>
                <TextEquiv>
                    <Unicode>con Felicia, hermosa niña nacida el 5 del Cte.</Unicode>
                </TextEquiv>
            </TextLine>
            <TextLine id="l_76" custom="readingOrder {index:26;}">
                <Coords points="341,1873 1315,1895 1315,1829 1285,1825 341,1829"/>
                <Baseline points="352,1859 400,1862 448,1862 497,1864 545,1862 593,1863 642,1865 690,1865 738,1863 787,1864 835,1865 883,1865 932,1862 980,1865 1028,1865 1077,1865 1125,1865 1173,1864 1222,1862 1270,1864 1319,1859"/>
                <TextEquiv>
                    <Unicode>Nuestra enhorabuena a los felices padres de</Unicode>
                </TextEquiv>
            </TextLine>
            <TextLine id="l_78" custom="readingOrder {index:27;}">
                <Coords points="299,1933 424,1933 446,1917 518,1945 580,1945 664,1919 747,1939 747,1877 725,1873 610,1871 574,1887 530,1867 428,1883 299,1859"/>
                <Baseline points="310,1904 336,1904 362,1904 388,1904 414,1905 440,1907 466,1907 492,1907 518,1907 544,1907 570,1907 596,1907 622,1907 648,1907 674,1907 700,1909 726,1910 752,1910"/>
                <TextEquiv>
                    <Unicode>Dieguito i de Felicia.</Unicode>
                </TextEquiv>
            </TextLine>
            <TextLine id="l_3" custom="readingOrder {index:28;}">
                <Coords points="1324,2006 345,1998 345,1939 711,1931 769,1965 835,1929 1044,1923 1166,1967 1324,1946"/>
                <Baseline points="355,1991 403,1991 452,1992 501,1993 550,1991 599,1991 647,1991 696,1993 745,1994 794,1994 843,1994 891,1994 940,1994 989,1994 1038,1994 1087,1994 1135,1994 1184,1994 1233,1994 1282,1994 1324,1991"/>
                <TextEquiv>
                    <Unicode>Bautismo. —Tarde de satisfacción fué la del día</Unicode>
                </TextEquiv>
            </TextLine>
            <TextLine id="l_81" custom="readingOrder {index:29;}">
                <Coords points="299,2050 1317,2046 1317,2000 602,2020 299,1979"/>
                <Baseline points="310,2033 360,2033 411,2034 461,2036 512,2036 563,2036 613,2036 664,2036 714,2036 765,2039 816,2039 866,2039 917,2037 967,2036 1018,2036 1069,2036 1119,2036 1170,2036 1220,2036 1271,2036 1322,2033"/>
                <TextEquiv>
                    <Unicode>8 de este mes, en el hogar de los esposos Don Jos</Unicode>
                </TextEquiv>
            </TextLine>
            <TextLine id="l_84" custom="readingOrder {index:30;}">
                <Coords points="309,2086 1313,2094 1297,2042 309,2048"/>
                <Baseline points="319,2074 368,2077 418,2075 468,2078 518,2080 568,2080 618,2080 667,2080 717,2080 767,2083 817,2083 867,2080 917,2081 967,2083 1016,2083 1066,2083 1116,2083 1166,2080 1216,2080 1266,2080 1316,2080"/>
                <TextEquiv>
                    <Unicode>sé Peña, ¡ Doña María G. de Peña con motivo del</Unicode>
                </TextEquiv>
            </TextLine>
            <TextLine id="l_87" custom="readingOrder {index:31;}">
                <Coords points="307,2190 1108,2180 1106,2134 305,2132"/>
                <Baseline points="316,2167 355,2164 395,2166 435,2167 474,2167 514,2167 554,2167 593,2167 633,2167 673,2167 713,2167 752,2167 792,2167 832,2167 871,2167 911,2167 951,2167 990,2167 1030,2170 1070,2170 1110,2170"/>
                <TextEquiv>
                    <Unicode>María, sobrinita de nuestra Directora.</Unicode>
                </TextEquiv>
            </TextLine>
            <TextLine id="l_5" custom="readingOrder {index:32;}">
                <Coords points="303,2132 1319,2148 1319,2098 1245,2082 303,2082"/>
                <Baseline points="313,2119 363,2122 414,2123 464,2124 515,2124 566,2123 616,2124 667,2122 717,2125 768,2125 819,2125 869,2125 920,2125 970,2125 1021,2125 1072,2128 1122,2125 1173,2127 1223,2125 1274,2125 1324,2125"/>
                <TextEquiv>
                    <Unicode>bautismo de la robusta i simpática niñita Virina</Unicode>
                </TextEquiv>
            </TextLine>
            <TextLine id="l_89" custom="readingOrder {index:33;}">
                <Coords points="353,2220 480,2246 516,2220 1317,2220 1301,2170 353,2174"/>
                <Baseline points="364,2209 411,2209 459,2212 507,2212 555,2212 603,2213 651,2214 699,2212 747,2212 795,2212 843,2212 890,2212 938,2214 986,2215 1034,2215 1082,2215 1130,2215 1178,2215 1226,2214 1274,2212 1322,2215"/>
                <TextEquiv>
                    <Unicode>Dicho acto, que se verificó en nuestra iglesia</Unicode>
                </TextEquiv>
            </TextLine>
            <TextLine id="l_7" custom="readingOrder {index:34;}">
                <Coords points="305,2271 1319,2277 1293,2218 305,2214"/>
                <Baseline points="316,2251 366,2254 416,2257 467,2256 517,2255 568,2257 618,2259 669,2257 719,2257 770,2257 820,2257 870,2257 921,2257 971,2257 1022,2257 1072,2257 1123,2260 1173,2260 1224,2260 1274,2259 1324,2260"/>
                <TextEquiv>
                    <Unicode>católica, fué apadrinado por el el Sr. don Rafael.</Unicode>
                </TextEquiv>
            </TextLine>
            <TextLine id="l_92" custom="readingOrder {index:35;}">
                <Coords points="305,2319 1305,2313 1265,2267 305,2271"/>
                <Baseline points="316,2298 365,2298 415,2299 465,2301 514,2300 564,2298 614,2300 663,2301 713,2298 763,2298 813,2298 862,2300 912,2299 962,2301 1011,2301 1061,2301 1111,2301 1160,2301 1210,2301 1260,2301 1310,2298"/>
                <TextEquiv>
                    <Unicode>Alburqueque i la agradable i gentil Sta. Concep</Unicode>
                </TextEquiv>
            </TextLine>
            <TextLine id="l_94" custom="readingOrder {index:36;}">
                <Coords points="309,2351 1040,2371 1313,2355 1311,2313 307,2317"/>
                <Baseline points="319,2343 368,2343 418,2343 468,2344 518,2345 568,2343 618,2343 667,2345 717,2346 767,2346 817,2346 867,2346 917,2346 967,2346 1016,2346 1066,2346 1116,2346 1166,2346 1216,2346 1266,2346 1316,2346"/>
                <TextEquiv>
                    <Unicode>ción Vangrieken. Deseamos para la precoz Ma-</Unicode>
                </TextEquiv>
            </TextLine>
            <TextLine id="l_96" custom="readingOrder {index:37;}">
                <Coords points="309,2401 1317,2401 1317,2357 1279,2353 309,2355"/>
                <Baseline points="319,2388 369,2388 419,2388 469,2388 519,2388 569,2390 619,2391 670,2391 720,2391 770,2391 820,2391 870,2391 920,2391 970,2391 1021,2391 1071,2391 1121,2391 1171,2391 1221,2391 1271,2391 1322,2388"/>
                <TextEquiv>
                    <Unicode>riita, que viva muchos años, al calor de la dicha</Unicode>
                </TextEquiv>
            </TextLine>
            <TextLine id="l_97" custom="readingOrder {index:38;}">
                <Coords points="309,2459 353,2459 400,2443 444,2471 466,2471 508,2463 530,2443 546,2441 546,2395 514,2393 488,2407 474,2397 450,2409 343,2393 309,2403"/>
                <Baseline points="319,2430 344,2430 370,2430 395,2430 421,2430 446,2430 472,2431 497,2433 523,2435 549,2436"/>
                <TextEquiv>
                    <Unicode>ila virtud.</Unicode>
                </TextEquiv>
            </TextLine>
            <TextLine id="l_9" custom="readingOrder {index:39;}">
                <Coords points="1324,2540 347,2524 347,2465 857,2455 992,2493 1090,2447 1285,2457 1324,2466"/>
                <Baseline points="358,2513 406,2513 455,2516 503,2516 552,2516 601,2516 649,2518 698,2519 747,2519 795,2519 844,2519 893,2519 941,2519 990,2519 1039,2519 1087,2519 1136,2519 1185,2519 1233,2517 1282,2518 1324,2516"/>
                <TextEquiv>
                    <Unicode>Soluciones.—No Hubo sorteo de soluciones a las</Unicode>
                </TextEquiv>
            </TextLine>
            <TextLine id="l_101" custom="readingOrder {index:40;}">
                <Coords points="299,2580 1317,2572 1277,2526 299,2536"/>
                <Baseline points="310,2558 360,2561 411,2561 461,2561 512,2561 563,2561 613,2561 664,2561 714,2558 765,2561 816,2561 866,2561 917,2559 967,2560 1018,2561 1069,2561 1119,2561 1170,2561 1220,2561 1271,2562 1322,2564"/>
                <TextEquiv>
                    <Unicode>charada No. 12, por haberse recibido solo una</Unicode>
                </TextEquiv>
            </TextLine>
            <TextLine id="l_103" custom="readingOrder {index:41;}">
                <Coords points="305,2612 1313,2626 1311,2568 303,2580"/>
                <Baseline points="313,2600 363,2603 413,2603 463,2603 514,2602 564,2602 614,2605 665,2606 715,2606 765,2606 816,2606 866,2606 916,2606 966,2606 1017,2606 1067,2606 1117,2606 1168,2606 1218,2606 1268,2606 1319,2603"/>
                <TextEquiv>
                    <Unicode>solución. Fué adjudicado pues, el premio a la ú-</Unicode>
                </TextEquiv>
            </TextLine>
            <TextLine id="l_105" custom="readingOrder {index:42;}">
                <Coords points="299,2646 1317,2674 1317,2626 1229,2612 299,2624"/>
                <Baseline points="310,2645 360,2645 411,2646 461,2648 512,2646 563,2645 613,2647 664,2651 714,2651 765,2651 816,2651 866,2651 917,2651 967,2651 1018,2651 1069,2654 1119,2654 1170,2653 1220,2651 1271,2651 1322,2651"/>
                <TextEquiv>
                    <Unicode>nica concursante: Sta. Zolla Patria Martinez,</Unicode>
                </TextEquiv>
            </TextLine>
            <TextLine id="l_107" custom="readingOrder {index:43;}">
                <Coords points="299,2724 367,2696 891,2702 994,2726 994,2664 962,2654 299,2668"/>
                <Baseline points="310,2689 344,2691 379,2692 413,2692 448,2692 482,2692 517,2692 551,2692 586,2692 620,2695 655,2693 689,2692 724,2691 758,2689 793,2691 827,2692 862,2692 896,2692 931,2692 965,2694 1000,2692"/>
                <TextEquiv>
                    <Unicode>domiciliado en 27 de Febrero No.</Unicode>
                </TextEquiv>
            </TextLine>
            <TextLine id="l_109" custom="readingOrder {index:44;}">
                <Coords points="357,2748 1311,2746 1311,2708 1158,2672 974,2720 357,2702"/>
                <Baseline points="367,2734 414,2734 461,2734 509,2737 556,2737 604,2737 651,2737 699,2738 746,2740 794,2740 841,2740 888,2740 936,2740 983,2740 1031,2740 1078,2740 1126,2740 1173,2740 1221,2740 1268,2740 1316,2734"/>
                <TextEquiv>
                    <Unicode>Felicitamos a esta inteligente Sta,, a quien te-</Unicode>
                </TextEquiv>
            </TextLine>
            <TextLine id="l_111" custom="readingOrder {index:45;}">
                <Coords points="309,2788 869,2819 932,2790 1307,2793 1283,2740 500,2762 309,2730"/>
                <Baseline points="319,2779 368,2779 418,2779 468,2780 517,2782 567,2782 617,2782 666,2782 716,2782 766,2782 816,2785 865,2782 915,2783 965,2785 1014,2785 1064,2785 1114,2785 1163,2782 1213,2785 1263,2782 1313,2782"/>
                <TextEquiv>
                    <Unicode>nemos mucho gusto en enviarle por correo su lir</Unicode>
                </TextEquiv>
            </TextLine>
            <TextLine id="l_113" custom="readingOrder {index:46;}">
                <Coords points="309,2849 351,2841 393,2849 404,2839 426,2857 474,2863 518,2839 580,2853 616,2843 614,2801 578,2791 546,2801 508,2790 391,2801 307,2788"/>
                <Baseline points="319,2824 344,2824 369,2824 394,2824 419,2824 444,2824 469,2825 494,2827 519,2827 544,2827 569,2827 594,2828 620,2830"/>
                <TextEquiv>
                    <Unicode>bro en premio.</Unicode>
                </TextEquiv>
            </TextLine>
            <TextLine id="l_11" custom="readingOrder {index:47;}">
                <Coords points="1324,2921 351,2925 351,2845 568,2881 729,2849 946,2883 1020,2841 1239,2885 1311,2855 1324,2916"/>
                <Baseline points="361,2904 409,2904 457,2907 506,2907 554,2908 602,2909 651,2907 699,2907 747,2909 796,2910 844,2912 892,2910 941,2910 989,2910 1037,2910 1086,2910 1134,2910 1182,2910 1231,2910 1279,2910 1324,2907"/>
                <TextEquiv>
                    <Unicode>El da 2del cte—Se cumplieron dos años de estar</Unicode>
                </TextEquiv>
            </TextLine>
            <TextLine id="l_13" custom="readingOrder {index:48;}">
                <Coords points="305,2973 1323,2963 1321,2917 1205,2911 948,2939 303,2917"/>
                <Baseline points="316,2952 366,2952 417,2952 467,2952 518,2952 569,2952 619,2952 670,2952 720,2955 771,2955 822,2955 872,2955 923,2955 973,2955 1024,2955 1075,2955 1125,2955 1176,2955 1226,2954 1277,2953 1324,2955"/>
                <TextEquiv>
                    <Unicode>legitímamente unidos por los dulces lazos del</Unicode>
                </TextEquiv>
            </TextLine>
            <TextLine id="l_15" custom="readingOrder {index:49;}">
                <Coords points="1324,3015 311,3011 311,2973 1247,2959 1324,2963"/>
                <Baseline points="322,2994 372,2997 422,2995 473,2997 523,2997 574,2997 624,2997 675,2997 725,2994 776,2997 826,2999 876,2997 927,2997 977,2997 1028,2997 1078,2997 1129,2997 1179,2997 1230,3000 1280,2999 1324,3000"/>
                <TextEquiv>
                    <Unicode>mas puro amor, los esposos Godofredo Canino i-</Unicode>
                </TextEquiv>
            </TextLine>
            <TextLine id="l_230" custom="readingOrder {index:50;}">
                <Coords points="311,3049 1317,3056 1317,3007 311,3011"/>
                <Baseline points="322,3039 372,3039 422,3039 472,3039 522,3039 572,3039 622,3039 672,3039 722,3039 772,3039 822,3039 872,3042 922,3041 972,3039 1022,3041 1072,3042 1122,3042 1172,3042 1222,3042 1272,3041 1322,3039"/>
                <TextEquiv>
                    <Unicode>María L. de Canino, esta última entusiasta re-</Unicode>
                </TextEquiv>
            </TextLine>
            <TextLine id="l_17" custom="readingOrder {index:51;}">
                <Coords points="311,3106 1319,3096 1319,3051 1233,3047 311,3062"/>
                <Baseline points="322,3084 372,3087 422,3084 472,3084 522,3084 572,3084 622,3084 673,3084 723,3084 773,3084 823,3087 873,3087 923,3087 973,3087 1024,3087 1074,3087 1124,3087 1174,3087 1224,3087 1274,3087 1324,3084"/>
                <TextEquiv>
                    <Unicode>dactora de nuestra revista, ¡ambos, mui estima-</Unicode>
                </TextEquiv>
            </TextLine>
            <TextLine id="l_19" custom="readingOrder {index:52;}">
                <Coords points="1324,3144 315,3134 315,3104 1324,3092"/>
                <Baseline points="325,3128 375,3128 425,3131 475,3130 526,3128 576,3128 626,3128 677,3128 727,3128 777,3128 828,3128 878,3128 928,3128 978,3128 1029,3130 1079,3128 1129,3131 1180,3128 1230,3128 1280,3128 1324,3128"/>
                <TextEquiv>
                    <Unicode>dos amigos nuestros a quienes deseamos celebren</Unicode>
                </TextEquiv>
            </TextLine>
            <TextLine id="l_21" custom="readingOrder {index:53;}">
                <Coords points="305,3182 1319,3204 1299,3138 305,3138"/>
                <Baseline points="316,3173 366,3173 416,3176 467,3175 517,3173 568,3173 618,3173 669,3173 719,3173 770,3173 820,3173 870,3173 921,3173 971,3175 1022,3176 1072,3176 1123,3176 1173,3176 1224,3176 1274,3176 1324,3176"/>
                <TextEquiv>
                    <Unicode>muchos años más de dichosa vida matrimonial.</Unicode>
                </TextEquiv>
            </TextLine>
            <TextEquiv>
                <Unicode></Unicode>
            </TextEquiv>
        </TextRegion>
        <TextRegion id="r_1" custom="readingOrder {index:4;}">
            <Coords points="1324,490 2391,490 2391,3186 1324,3186"/>
            <TextLine id="l_22" custom="readingOrder {index:0;}">
                <Coords points="1381,636 2371,640 2371,562 2335,556 1727,556 1682,590 1508,570 1470,598 1381,570"/>
                <Baseline points="1391,629 1440,632 1489,632 1538,632 1588,632 1637,632 1686,630 1735,629 1785,627 1834,629 1883,629 1932,629 1982,628 2031,627 2080,629 2129,628 2179,626 2228,626 2277,624 2326,623 2376,620"/>
                <TextEquiv>
                    <Unicode>Fraternidad periodísiica. —Nuestro distinguido colega</Unicode>
                </TextEquiv>
            </TextLine>
            <TextLine id="l_24" custom="readingOrder {index:1;}">
                <Coords points="1371,683 2367,689 2367,638 2218,628 1371,634"/>
                <Baseline points="1382,674 1431,674 1481,674 1530,674 1580,674 1629,674 1679,674 1728,674 1778,674 1827,674 1877,674 1927,674 1976,674 2026,673 2075,671 2125,670 2174,668 2224,668 2273,668 2323,668 2373,665"/>
                <TextEquiv>
                    <Unicode>Guna de América", en su zo, número del mes</Unicode>
                </TextEquiv>
            </TextLine>
            <TextLine id="l_26" custom="readingOrder {index:2;}">
                <Coords points="1347,739 2381,729 2381,691 2252,671 1347,683"/>
                <Baseline points="1358,719 1409,720 1460,721 1512,719 1563,719 1615,719 1666,719 1718,719 1769,718 1821,717 1872,717 1923,716 1975,716 2026,716 2078,716 2129,716 2181,715 2232,713 2284,713 2335,713 2387,713"/>
                <TextEquiv>
                    <Unicode>de Agosto publica el clisé de la inspirada ijoven</Unicode>
                </TextEquiv>
            </TextLine>
            <TextLine id="l_28" custom="readingOrder {index:3;}">
                <Coords points="1353,781 2367,761 2367,731 2285,719 1353,739"/>
                <Baseline points="1364,767 1414,765 1464,764 1515,764 1565,764 1616,764 1666,764 1717,764 1767,764 1818,764 1868,762 1918,758 1969,761 2019,761 2070,759 2120,761 2171,760 2221,758 2272,758 2322,758 2373,758"/>
                <TextEquiv>
                    <Unicode>poetisa Enriqueta Maggiolo de Cruzado, acompa-</Unicode>
                </TextEquiv>
            </TextLine>
            <TextLine id="l_30" custom="readingOrder {index:4;}">
                <Coords points="1341,817 2367,809 2367,761 1341,781"/>
                <Baseline points="1352,809 1403,807 1454,809 1505,807 1556,808 1607,809 1658,806 1709,808 1760,807 1811,809 1862,807 1913,806 1964,806 2015,806 2066,806 2117,803 2168,803 2219,803 2270,803 2321,800 2373,800"/>
                <TextEquiv>
                    <Unicode>ñado de una de las mas hermosas producciones</Unicode>
                </TextEquiv>
            </TextLine>
            <TextLine id="l_32" custom="readingOrder {index:5;}">
                <Coords points="1339,869 2252,871 2365,855 2367,809 1339,817"/>
                <Baseline points="1349,850 1400,852 1451,850 1502,852 1553,853 1604,853 1655,850 1706,851 1757,852 1808,850 1859,850 1910,850 1961,847 2012,850 2063,847 2114,846 2165,845 2216,845 2267,844 2318,844 2370,844"/>
                <TextEquiv>
                    <Unicode>de su pluma, ireproduce a la vez los merecidos</Unicode>
                </TextEquiv>
            </TextLine>
            <TextLine id="l_34" custom="readingOrder {index:6;}">
                <Coords points="1341,903 2361,903 2335,853 1341,865"/>
                <Baseline points="1352,895 1402,895 1453,897 1504,896 1555,895 1605,895 1656,895 1707,895 1758,895 1808,895 1859,893 1910,892 1961,892 2011,895 2062,892 2113,892 2164,891 2214,891 2265,890 2316,889 2367,886"/>
                <TextEquiv>
                    <Unicode>elogios que en nuestra edición especial del mes</Unicode>
                </TextEquiv>
            </TextLine>
            <TextLine id="l_36" custom="readingOrder {index:7;}">
                <Coords points="1341,952 2359,952 2335,897 1341,907"/>
                <Baseline points="1352,940 1402,940 1453,940 1503,940 1554,940 1605,940 1655,940 1706,940 1756,940 1807,940 1858,940 1908,940 1959,940 2009,937 2060,937 2111,936 2161,934 2212,936 2262,937 2313,934 2364,934"/>
                <TextEquiv>
                    <Unicode>de julio pdo, hicieramos acerca de este estima:</Unicode>
                </TextEquiv>
            </TextLine>
            <TextLine id="l_38" custom="readingOrder {index:8;}">
                <Coords points="1351,1012 1423,992 1522,1006 1552,992 1708,996 1708,964 1640,942 1560,962 1514,946 1441,950 1417,966 1385,948 1351,952"/>
                <Baseline points="1361,982 1386,984 1411,985 1436,985 1461,985 1486,985 1511,985 1537,985 1562,985 1587,985 1612,985 1637,985 1662,985 1687,985 1713,985"/>
                <TextEquiv>
                    <Unicode>da colaboradora.</Unicode>
                </TextEquiv>
            </TextLine>
            <TextLine id="l_40" custom="readingOrder {index:9;}">
                <Coords points="1393,1042 1490,1038 1538,1062 1616,1044 1668,1062 1787,1030 1871,1054 1994,1046 1996,988 1915,980 1395,998"/>
                <Baseline points="1403,1030 1432,1030 1462,1030 1492,1031 1522,1031 1552,1030 1582,1030 1611,1030 1641,1030 1671,1030 1701,1030 1731,1030 1761,1030 1791,1030 1820,1030 1850,1028 1880,1028 1910,1030 1940,1028 1970,1027 2000,1027"/>
                <TextEquiv>
                    <Unicode>Damos las gracias al colega.</Unicode>
                </TextEquiv>
            </TextLine>
            <TextLine id="l_42" custom="readingOrder {index:10;}">
                <Coords points="1393,1128 2387,1120 2387,1052 1393,1056"/>
                <Baseline points="1403,1107 1452,1110 1501,1110 1551,1110 1600,1110 1650,1109 1699,1107 1748,1107 1798,1107 1847,1107 1897,1107 1946,1107 1995,1104 2045,1104 2094,1104 2144,1104 2193,1104 2242,1104 2292,1104 2341,1104 2391,1101"/>
                <TextEquiv>
                    <Unicode>1o de Setiembre.—El día lo de este mes se cumplió</Unicode>
                </TextEquiv>
            </TextLine>
            <TextLine id="l_44" custom="readingOrder {index:11;}">
                <Coords points="1345,1172 2365,1162 2349,1112 1345,1124"/>
                <Baseline points="1355,1152 1405,1155 1456,1155 1507,1155 1558,1155 1608,1152 1659,1155 1710,1152 1761,1152 1811,1152 1862,1152 1913,1152 1964,1149 2014,1152 2065,1149 2116,1148 2167,1147 2217,1149 2268,1147 2319,1149 2370,1149"/>
                <TextEquiv>
                    <Unicode>el cuadragésimo sexto aniversario del feliz ha-</Unicode>
                </TextEquiv>
            </TextLine>
            <TextLine id="l_46" custom="readingOrder {index:12;}">
                <Coords points="1353,1209 2074,1201 2367,1235 2349,1158 1353,1166"/>
                <Baseline points="1364,1200 1414,1200 1464,1198 1514,1197 1565,1197 1615,1197 1665,1197 1716,1197 1766,1199 1816,1198 1867,1197 1917,1197 1967,1197 2017,1197 2068,1194 2118,1194 2168,1193 2219,1191 2269,1191 2319,1191 2370,1188"/>
                <TextEquiv>
                    <Unicode>llazgo de los restos del inmortal Descubridor del</Unicode>
                </TextEquiv>
            </TextLine>
            <TextLine id="l_48" custom="readingOrder {index:13;}">
                <Coords points="1347,1259 2032,1259 2050,1207 1347,1211"/>
                <Baseline points="1358,1244 1392,1244 1427,1244 1462,1242 1497,1241 1532,1241 1566,1241 1601,1241 1636,1241 1671,1241 1706,1241 1740,1241 1775,1241 1810,1241 1845,1241 1880,1241 1914,1238 1949,1238 1984,1238 2019,1238 2054,1238"/>
                <TextEquiv>
                    <Unicode>la América, Dn. Cristóbal Colón.</Unicode>
                </TextEquiv>
            </TextLine>
            <TextLine id="l_50" custom="readingOrder {index:14;}">
                <Coords points="1393,1297 2361,1283 2361,1233 2252,1223 2032,1257 1393,1249"/>
                <Baseline points="1403,1286 1451,1287 1499,1284 1547,1283 1595,1285 1644,1286 1692,1286 1740,1286 1788,1286 1836,1283 1885,1285 1933,1283 1981,1283 2029,1283 2077,1283 2126,1283 2174,1283 2222,1283 2270,1280 2318,1280 2367,1274"/>
                <TextEquiv>
                    <Unicode>Acerca de tan traseendental acontecimiento o-</Unicode>
                </TextEquiv>
            </TextLine>
            <TextLine id="l_52" custom="readingOrder {index:15;}">
                <Coords points="1353,1345 2367,1333 2367,1285 1419,1307 1353,1279"/>
                <Baseline points="1364,1331 1414,1329 1464,1330 1515,1328 1565,1331 1616,1331 1666,1331 1717,1330 1767,1328 1818,1328 1868,1328 1918,1328 1969,1328 2019,1328 2070,1328 2120,1328 2171,1327 2221,1325 2272,1325 2322,1325 2373,1325"/>
                <TextEquiv>
                    <Unicode>currido en la Catedral de Santo Domingo, publi-</Unicode>
                </TextEquiv>
            </TextLine>
            <TextLine id="l_54" custom="readingOrder {index:16;}">
                <Coords points="1353,1387 2367,1373 2271,1333 1353,1351"/>
                <Baseline points="1364,1376 1414,1376 1464,1374 1514,1373 1565,1373 1615,1376 1665,1376 1716,1375 1766,1373 1816,1373 1867,1373 1917,1373 1967,1373 2017,1373 2068,1372 2118,1370 2168,1370 2219,1368 2269,1367 2319,1367 2370,1367"/>
                <TextEquiv>
                    <Unicode>ca nuestro distinguido colega Listin Diario el re-</Unicode>
                </TextEquiv>
            </TextLine>
            <TextLine id="l_56" custom="readingOrder {index:17;}">
                <Coords points="1351,1435 2371,1433 2371,1391 2325,1375 1351,1381"/>
                <Baseline points="1361,1421 1411,1421 1462,1419 1513,1418 1564,1418 1614,1421 1665,1418 1716,1420 1767,1418 1817,1418 1868,1418 1919,1416 1970,1415 2020,1415 2071,1415 2122,1415 2173,1415 2223,1415 2274,1413 2325,1412 2376,1412"/>
                <TextEquiv>
                    <Unicode>lato que en un interesante iextenso documento</Unicode>
                </TextEquiv>
            </TextLine>
            <TextLine id="l_58" custom="readingOrder {index:18;}">
                <Coords points="1345,1470 2379,1476 2379,1425 2323,1419 1345,1435"/>
                <Baseline points="1355,1462 1406,1462 1458,1462 1509,1462 1561,1462 1612,1462 1664,1462 1715,1462 1767,1462 1818,1462 1870,1462 1921,1462 1973,1462 2024,1462 2076,1462 2127,1459 2179,1459 2230,1459 2282,1459 2333,1459 2385,1465"/>
                <TextEquiv>
                    <Unicode>dejó escrito el respetable anciano Du. Jesús Ma</Unicode>
                </TextEquiv>
            </TextLine>
            <TextLine id="l_60" custom="readingOrder {index:19;}">
                <Coords points="1353,1516 2383,1500 2283,1464 1353,1470"/>
                <Baseline points="1364,1507 1415,1507 1466,1507 1517,1507 1568,1507 1620,1507 1671,1504 1722,1507 1773,1507 1824,1506 1876,1506 1927,1505 1978,1504 2029,1504 2080,1504 2132,1504 2183,1503 2234,1501 2285,1501 2336,1498 2388,1501"/>
                <TextEquiv>
                    <Unicode>Troncoso d e g. e,, testigo presencial de los he-</Unicode>
                </TextEquiv>
            </TextLine>
            <TextLine id="l_61" custom="readingOrder {index:20;}">
                <Coords points="1353,1560 2367,1564 2367,1522 2307,1508 1353,1522"/>
                <Baseline points="1364,1555 1414,1552 1464,1552 1515,1552 1565,1552 1616,1552 1666,1551 1717,1549 1767,1550 1818,1550 1868,1551 1918,1552 1969,1552 2019,1552 2070,1549 2120,1549 2171,1549 2221,1549 2272,1547 2322,1546 2373,1549"/>
                <TextEquiv>
                    <Unicode>chos practicados en la realización del citado ha-</Unicode>
                </TextEquiv>
            </TextLine>
            <TextLine id="l_63" custom="readingOrder {index:21;}">
                <Coords points="1351,1624 1377,1624 1401,1606 1405,1610 1413,1604 1451,1612 1498,1610 1498,1570 1486,1568 1474,1574 1461,1562 1431,1560 1407,1568 1367,1558 1351,1564"/>
                <Baseline points="1361,1597 1389,1597 1418,1597 1446,1597 1475,1599 1504,1597"/>
                <TextEquiv>
                    <Unicode>llazgo.</Unicode>
                </TextEquiv>
            </TextLine>
            <TextLine id="l_65" custom="readingOrder {index:22;}">
                <Coords points="1399,1660 2365,1646 2367,1596 2281,1570 1957,1616 1893,1570 1839,1600 1733,1572 1401,1614"/>
                <Baseline points="1409,1639 1457,1641 1505,1640 1553,1641 1601,1642 1649,1639 1697,1639 1745,1636 1793,1639 1841,1639 1889,1639 1937,1639 1985,1639 2033,1638 2081,1636 2129,1636 2177,1636 2225,1636 2273,1633 2321,1636 2370,1633"/>
                <TextEquiv>
                    <Unicode>Con sumo interés tuvimos el placer de leer de-</Unicode>
                </TextEquiv>
            </TextLine>
            <TextLine id="l_67" custom="readingOrder {index:23;}">
                <Coords points="1351,1692 2377,1692 2363,1640 1351,1648"/>
                <Baseline points="1361,1680 1412,1683 1463,1683 1514,1683 1565,1683 1616,1680 1667,1680 1718,1680 1769,1680 1820,1680 1871,1682 1922,1683 1973,1680 2024,1680 2075,1680 2126,1678 2177,1679 2228,1679 2279,1678 2330,1677 2382,1677"/>
                <TextEquiv>
                    <Unicode>tenidamente este importante relato; pero nos, ha</Unicode>
                </TextEquiv>
            </TextLine>
            <TextLine id="l_69" custom="readingOrder {index:24;}">
                <Coords points="1353,1733 2359,1737 2359,1692 2214,1684 1353,1702"/>
                <Baseline points="1364,1728 1414,1728 1464,1728 1514,1728 1564,1725 1614,1724 1664,1722 1714,1723 1764,1725 1814,1725 1864,1725 1914,1728 1964,1728 2014,1725 2064,1725 2114,1725 2164,1723 2214,1722 2264,1722 2314,1722 2364,1719"/>
                <TextEquiv>
                    <Unicode>sido extraño ver como en ella no aparece el nom-</Unicode>
                </TextEquiv>
            </TextLine>
            <TextLine id="l_71" custom="readingOrder {index:25;}">
                <Coords points="1359,1781 2363,1785 2363,1739 2303,1729 1359,1741"/>
                <Baseline points="1370,1773 1419,1770 1469,1773 1519,1770 1569,1771 1619,1772 1669,1770 1718,1770 1768,1770 1818,1770 1868,1770 1918,1770 1968,1770 2018,1770 2067,1770 2117,1769 2167,1767 2217,1767 2267,1767 2317,1767 2367,1767"/>
                <TextEquiv>
                    <Unicode>bre del pson recluta que providencialmente ha-</Unicode>
                </TextEquiv>
            </TextLine>
            <TextLine id="l_73" custom="readingOrder {index:26;}">
                <Coords points="1351,1823 2375,1831 2375,1789 2299,1767 1351,1777"/>
                <Baseline points="1361,1818 1411,1817 1462,1815 1513,1813 1564,1814 1615,1815 1666,1815 1717,1814 1768,1813 1819,1815 1870,1815 1920,1815 1971,1815 2022,1815 2073,1813 2124,1815 2175,1814 2226,1812 2277,1810 2328,1809 2379,1809"/>
                <TextEquiv>
                    <Unicode>ló los restos. Seguramente que el nembre de</Unicode>
                </TextEquiv>
            </TextLine>
            <TextLine id="l_75" custom="readingOrder {index:27;}">
                <Coords points="1359,1873 2297,1875 2375,1863 2377,1831 1361,1831"/>
                <Baseline points="1370,1859 1420,1859 1471,1859 1521,1859 1572,1859 1623,1859 1673,1857 1724,1856 1774,1855 1825,1857 1876,1858 1926,1859 1977,1859 2027,1859 2078,1857 2129,1857 2179,1857 2230,1857 2280,1857 2331,1857 2382,1851"/>
                <TextEquiv>
                    <Unicode>este humilde i oscuro inmortal quedó, como han</Unicode>
                </TextEquiv>
            </TextLine>
            <TextLine id="l_77" custom="readingOrder {index:28;}">
                <Coords points="1357,1925 2355,1919 2341,1865 1357,1871"/>
                <Baseline points="1367,1904 1416,1904 1466,1904 1516,1904 1565,1904 1615,1903 1665,1902 1714,1902 1764,1903 1814,1904 1864,1904 1913,1904 1963,1904 2013,1904 2062,1902 2112,1899 2162,1901 2211,1899 2261,1898 2311,1898 2361,1898"/>
                <TextEquiv>
                    <Unicode>quedado muchas otras importantes cosas, perdi</Unicode>
                </TextEquiv>
            </TextLine>
            <TextLine id="l_79" custom="readingOrder {index:29;}">
                <Coords points="1351,1963 2385,1961 2385,1919 2242,1911 1351,1927"/>
                <Baseline points="1361,1946 1412,1949 1463,1949 1515,1949 1566,1947 1617,1946 1669,1946 1720,1946 1771,1947 1823,1949 1874,1949 1925,1947 1977,1948 2028,1946 2079,1946 2131,1946 2182,1945 2233,1943 2285,1941 2336,1943 2388,1934"/>
                <TextEquiv>
                    <Unicode>do en la noche de su época, ila omisión de ese</Unicode>
                </TextEquiv>
            </TextLine>
            <TextLine id="l_2" custom="readingOrder {index:30;}">
                <Coords points="1324,1946 1329,1945 1329,2006 1324,2006"/>
                <Baseline points="1324,1991 1331,1991"/>
                <TextEquiv>
                    <Unicode>Bautismo. —Tarde de satisfacción fué la del día</Unicode>
                </TextEquiv>
            </TextLine>
            <TextLine id="l_80" custom="readingOrder {index:31;}">
                <Coords points="1357,2004 2361,2020 2333,1957 1357,1965"/>
                <Baseline points="1367,1994 1417,1994 1467,1991 1517,1994 1567,1991 1617,1991 1667,1991 1717,1991 1767,1991 1817,1991 1867,1991 1917,1994 1967,1991 2017,1991 2067,1990 2117,1989 2167,1991 2217,1991 2267,1989 2317,1988 2367,1988"/>
                <TextEquiv>
                    <Unicode>nombre, en el relato del respetable Sr. Tronco-</Unicode>
                </TextEquiv>
            </TextLine>
            <TextLine id="l_82" custom="readingOrder {index:32;}">
                <Coords points="1351,2058 2000,2050 2000,2010 1937,2000 1351,2004"/>
                <Baseline points="1361,2039 1393,2039 1425,2039 1457,2037 1490,2036 1522,2036 1554,2036 1586,2036 1619,2037 1651,2039 1683,2037 1715,2036 1748,2036 1780,2036 1812,2036 1844,2036 1877,2036 1909,2036 1941,2036 1973,2036 2006,2036"/>
                <TextEquiv>
                    <Unicode>so, fué por tanto, involuntaria.</Unicode>
                </TextEquiv>
            </TextLine>
            <TextLine id="l_83" custom="readingOrder {index:33;}">
                <Coords points="1393,2082 2367,2088 2367,2026 2277,2008 2004,2056 1393,2056"/>
                <Baseline points="1403,2080 1451,2082 1500,2080 1548,2080 1597,2080 1645,2080 1694,2080 1742,2080 1791,2083 1839,2080 1888,2080 1936,2080 1985,2079 2033,2077 2082,2077 2130,2077 2179,2077 2227,2077 2276,2077 2324,2077 2373,2074"/>
                <TextEquiv>
                    <Unicode>Apro,ósito de estas consideraciones ¿podrían</Unicode>
                </TextEquiv>
            </TextLine>
            <TextLine id="l_85" custom="readingOrder {index:34;}">
                <Coords points="1351,2144 2349,2138 2373,2088 1353,2078"/>
                <Baseline points="1361,2125 1411,2125 1462,2125 1513,2125 1564,2125 1614,2125 1665,2125 1716,2125 1767,2124 1817,2122 1868,2124 1919,2123 1970,2122 2020,2122 2071,2122 2122,2122 2173,2121 2223,2119 2274,2119 2325,2119 2376,2119"/>
                <TextEquiv>
                    <Unicode>decirnos los testigos presenciales supervivientes.</Unicode>
                </TextEquiv>
            </TextLine>
            <TextLine id="l_86" custom="readingOrder {index:35;}">
                <Coords points="1353,2186 2361,2178 2325,2126 1353,2142"/>
                <Baseline points="1364,2167 1414,2170 1464,2170 1514,2167 1564,2170 1614,2169 1664,2167 1715,2167 1765,2167 1815,2169 1865,2165 1915,2167 1965,2167 2015,2170 2066,2167 2116,2167 2166,2167 2216,2167 2266,2165 2316,2164 2367,2161"/>
                <TextEquiv>
                    <Unicode>como Pablito Hernandez por ejemplo, qué rela-</Unicode>
                </TextEquiv>
            </TextLine>
            <TextLine id="l_88" custom="readingOrder {index:36;}">
                <Coords points="1357,2228 2365,2216 2365,2176 2176,2168 1357,2188"/>
                <Baseline points="1367,2215 1417,2215 1467,2215 1517,2212 1567,2212 1617,2215 1667,2214 1718,2212 1768,2214 1818,2213 1868,2212 1918,2212 1968,2212 2018,2212 2069,2212 2119,2211 2169,2211 2219,2210 2269,2209 2319,2209 2370,2206"/>
                <TextEquiv>
                    <Unicode>ción tiene con los citados acontecmientos, un su-</Unicode>
                </TextEquiv>
            </TextLine>
            <TextLine id="l_90" custom="readingOrder {index:37;}">
                <Coords points="1351,2265 2361,2273 2379,2218 1351,2242"/>
                <Baseline points="1361,2263 1412,2259 1463,2257 1514,2257 1565,2257 1616,2257 1667,2257 1718,2257 1769,2257 1820,2257 1871,2257 1922,2257 1973,2257 2024,2257 2075,2257 2126,2257 2177,2256 2228,2254 2279,2254 2330,2254 2382,2254"/>
                <TextEquiv>
                    <Unicode>geto que existió en la Capitalia quien nombraban</Unicode>
                </TextEquiv>
            </TextLine>
            <TextLine id="l_91" custom="readingOrder {index:38;}">
                <Coords points="1357,2313 2361,2309 2339,2259 1357,2269"/>
                <Baseline points="1367,2301 1417,2302 1467,2301 1517,2301 1567,2301 1617,2301 1667,2300 1717,2298 1767,2298 1817,2300 1867,2298 1917,2298 1967,2298 2017,2298 2067,2298 2117,2298 2167,2298 2217,2298 2267,2298 2317,2295 2367,2295"/>
                <TextEquiv>
                    <Unicode>Lolito Flochón? Se nos refiere que a él le atri-</Unicode>
                </TextEquiv>
            </TextLine>
            <TextLine id="l_93" custom="readingOrder {index:39;}">
                <Coords points="1359,2361 2367,2351 2341,2303 1359,2313"/>
                <Baseline points="1370,2346 1420,2346 1470,2343 1520,2343 1570,2346 1620,2346 1670,2346 1721,2345 1771,2343 1821,2343 1871,2345 1921,2343 1971,2343 2021,2343 2072,2343 2122,2342 2172,2340 2222,2342 2272,2341 2322,2340 2373,2337"/>
                <TextEquiv>
                    <Unicode>buyen el hallazgo en cuestión, i se dice que alcon!</Unicode>
                </TextEquiv>
            </TextLine>
            <TextLine id="l_95" custom="readingOrder {index:40;}">
                <Coords points="1363,2399 2377,2397 2363,2351 1363,2361"/>
                <Baseline points="1373,2391 1423,2389 1473,2388 1524,2388 1574,2391 1625,2388 1675,2388 1726,2389 1776,2390 1827,2388 1877,2390 1927,2388 1978,2388 2028,2388 2079,2387 2129,2385 2180,2386 2230,2386 2281,2383 2331,2385 2382,2385"/>
                <TextEquiv>
                    <Unicode>cedérsele el derecho a una petición libre, por el</Unicode>
                </TextEquiv>
            </TextLine>
            <TextLine id="l_98" custom="readingOrder {index:41;}">
                <Coords points="1357,2443 2367,2445 2367,2397 2315,2389 1357,2403"/>
                <Baseline points="1367,2436 1417,2434 1467,2433 1517,2433 1568,2433 1618,2433 1668,2433 1719,2433 1769,2433 1819,2433 1870,2433 1920,2433 1970,2433 2020,2433 2071,2430 2121,2431 2171,2432 2222,2430 2272,2430 2322,2430 2373,2427"/>
                <TextEquiv>
                    <Unicode>hecho de que fué autor, lo único que pidió fué</Unicode>
                </TextEquiv>
            </TextLine>
            <TextLine id="l_99" custom="readingOrder {index:42;}">
                <Coords points="1359,2483 2363,2485 2325,2437 1359,2445"/>
                <Baseline points="1370,2480 1419,2478 1469,2477 1519,2477 1569,2475 1619,2477 1669,2477 1718,2477 1768,2476 1818,2476 1868,2477 1918,2477 1968,2477 2018,2475 2067,2476 2117,2476 2167,2476 2217,2475 2267,2473 2317,2475 2367,2472"/>
                <TextEquiv>
                    <Unicode>que le permitieran, en tiempo de máscaras, sa-</Unicode>
                </TextEquiv>
            </TextLine>
            <TextLine id="l_100" custom="readingOrder {index:43;}">
                <Coords points="1357,2523 2361,2528 2361,2487 2265,2479 1357,2507"/>
                <Baseline points="1367,2522 1417,2522 1467,2522 1517,2522 1567,2522 1617,2520 1667,2522 1717,2522 1767,2522 1817,2522 1867,2522 1917,2522 1967,2519 2017,2519 2067,2519 2117,2519 2167,2519 2217,2517 2267,2516 2317,2516 2367,2516"/>
                <TextEquiv>
                    <Unicode>car el aviso de las mismas, operación que él rea-</Unicode>
                </TextEquiv>
            </TextLine>
            <TextLine id="l_102" custom="readingOrder {index:44;}">
                <Coords points="1363,2576 2367,2568 2367,2523 1363,2530"/>
                <Baseline points="1373,2564 1423,2567 1473,2567 1523,2564 1573,2567 1623,2565 1673,2567 1723,2567 1773,2565 1823,2566 1873,2564 1923,2567 1973,2567 2023,2564 2073,2564 2123,2564 2173,2562 2223,2561 2273,2559 2323,2561 2373,2561"/>
                <TextEquiv>
                    <Unicode>lizaba siempre a tambor batiente, como demos-</Unicode>
                </TextEquiv>
            </TextLine>
            <TextLine id="l_104" custom="readingOrder {index:45;}">
                <Coords points="1359,2618 2373,2636 2375,2580 2335,2570 1361,2578"/>
                <Baseline points="1370,2612 1420,2611 1470,2612 1521,2612 1571,2612 1622,2612 1672,2612 1723,2612 1773,2612 1824,2612 1874,2612 1924,2615 1975,2615 2025,2612 2076,2611 2126,2609 2177,2609 2227,2609 2278,2609 2328,2606 2379,2603"/>
                <TextEquiv>
                    <Unicode>tración pública de su mayor gloria. Será cierto,</Unicode>
                </TextEquiv>
            </TextLine>
            <TextLine id="l_106" custom="readingOrder {index:46;}">
                <Coords points="1367,2678 1401,2676 1409,2668 1427,2682 1439,2676 1468,2676 1466,2624 1451,2620 1449,2624 1437,2622 1435,2626 1421,2622 1417,2628 1405,2620 1399,2624 1389,2620 1383,2626 1377,2622 1365,2626"/>
                <Baseline points="1376,2651 1408,2653 1441,2655 1474,2657"/>
                <TextEquiv>
                    <Unicode>esto?</Unicode>
                </TextEquiv>
            </TextLine>
            <TextLine id="l_108" custom="readingOrder {index:47;}">
                <Coords points="1401,2750 2371,2742 2371,2694 2281,2666 2110,2706 1963,2664 1401,2680"/>
                <Baseline points="1412,2731 1460,2734 1508,2734 1556,2734 1604,2734 1653,2734 1701,2734 1749,2732 1797,2733 1845,2734 1894,2734 1942,2734 1990,2734 2038,2734 2086,2734 2135,2734 2183,2734 2231,2733 2279,2731 2327,2732 2376,2731"/>
                <TextEquiv>
                    <Unicode>Fiestas en “Consuelo”—Aunque tarde, tenemos espe-</Unicode>
                </TextEquiv>
            </TextLine>
            <TextLine id="l_110" custom="readingOrder {index:48;}">
                <Coords points="1365,2791 2361,2790 2349,2740 1365,2732"/>
                <Baseline points="1376,2779 1425,2779 1475,2776 1524,2778 1574,2776 1623,2777 1673,2779 1722,2777 1772,2778 1821,2779 1871,2779 1921,2779 1970,2779 2020,2778 2069,2777 2119,2778 2168,2776 2218,2776 2267,2774 2317,2776 2367,2776"/>
                <TextEquiv>
                    <Unicode>cial gusto en referirnos a las fiestas que se verir</Unicode>
                </TextEquiv>
            </TextLine>
            <TextLine id="l_112" custom="readingOrder {index:49;}">
                <Coords points="1359,2835 2379,2835 2379,2788 2341,2786 1359,2790"/>
                <Baseline points="1370,2821 1420,2824 1471,2824 1522,2824 1573,2822 1623,2823 1674,2824 1725,2824 1776,2821 1826,2822 1877,2823 1928,2821 1979,2823 2029,2824 2080,2824 2131,2821 2182,2821 2232,2821 2283,2822 2334,2824 2385,2827"/>
                <TextEquiv>
                    <Unicode>ficaron en el ingenio Consuelo, durante los días?</Unicode>
                </TextEquiv>
            </TextLine>
            <TextLine id="l_226" custom="readingOrder {index:50;}">
                <Coords points="1357,2885 2371,2875 2371,2833 2281,2823 1357,2837"/>
                <Baseline points="1367,2866 1417,2866 1467,2866 1518,2867 1568,2868 1619,2866 1669,2868 1720,2869 1770,2869 1821,2866 1871,2866 1921,2866 1972,2866 2022,2866 2073,2866 2123,2866 2174,2866 2224,2866 2275,2866 2325,2866 2376,2869"/>
                <TextEquiv>
                    <Unicode>del 11 al 16 del mes pasado, en honor a la culta i</Unicode>
                </TextEquiv>
            </TextLine>
            <TextLine id="l_227" custom="readingOrder {index:51;}">
                <Coords points="1357,2925 2367,2927 2349,2871 1357,2877"/>
                <Baseline points="1367,2907 1417,2910 1467,2908 1517,2910 1568,2910 1618,2910 1668,2910 1719,2910 1769,2907 1819,2910 1870,2910 1920,2910 1970,2910 2020,2908 2071,2907 2121,2910 2171,2910 2222,2910 2272,2910 2322,2910 2373,2907"/>
                <TextEquiv>
                    <Unicode>simpática Sta. Carmen Soler cumplida emplea-</Unicode>
                </TextEquiv>
            </TextLine>
            <TextLine id="l_228" custom="readingOrder {index:52;}">
                <Coords points="1357,2957 2377,2985 2377,2933 2319,2917 1357,2925"/>
                <Baseline points="1367,2952 1417,2955 1468,2955 1519,2954 1570,2952 1620,2952 1671,2954 1722,2955 1773,2955 1823,2953 1874,2955 1925,2955 1976,2955 2026,2953 2077,2952 2128,2955 2179,2955 2229,2955 2280,2955 2331,2955 2382,2955"/>
                <TextEquiv>
                    <Unicode>da de la Superitendencia de Enseñauza, i quien</Unicode>
                </TextEquiv>
            </TextLine>
            <TextLine id="l_229" custom="readingOrder {index:53;}">
                <Coords points="1365,3007 2379,3015 2345,2971 2226,2957 1365,2965"/>
                <Baseline points="1376,3000 1426,2997 1476,2997 1526,2997 1577,2997 1627,2997 1677,2997 1728,2997 1778,2997 1828,2997 1879,2997 1929,2997 1979,2996 2029,2996 2080,2997 2130,2997 2180,2997 2231,2997 2281,3000 2331,3000 2382,3003"/>
                <TextEquiv>
                    <Unicode>era huesped de los mui atentos esposos Norman.</Unicode>
                </TextEquiv>
            </TextLine>
            <TextLine id="l_231" custom="readingOrder {index:54;}">
                <Coords points="1405,3047 2379,3062 2379,3015 2333,3009 1405,3011"/>
                <Baseline points="1415,3042 1463,3042 1511,3044 1560,3043 1608,3044 1657,3043 1705,3042 1754,3042 1802,3042 1851,3039 1899,3041 1947,3039 1996,3039 2044,3039 2093,3039 2141,3039 2190,3039 2238,3041 2287,3045 2335,3045 2384,3046"/>
                <TextEquiv>
                    <Unicode>Bailes, giras, banquetes, en obsequio a dicha</Unicode>
                </TextEquiv>
            </TextLine>
            <TextLine id="l_232" custom="readingOrder {index:55;}">
                <Coords points="1365,3098 2379,3100 2351,3053 1365,3053"/>
                <Baseline points="1376,3087 1426,3086 1476,3085 1527,3087 1577,3087 1628,3087 1678,3085 1728,3087 1779,3087 1829,3087 1880,3085 1930,3087 1980,3087 2031,3087 2081,3085 2132,3086 2182,3086 2232,3087 2283,3087 2333,3087 2384,3086"/>
                <TextEquiv>
                    <Unicode>señorita i en celebración el día 12, del santo de</Unicode>
                </TextEquiv>
            </TextLine>
            <TextLine id="l_233" custom="readingOrder {index:56;}">
                <Coords points="1365,3134 2373,3152 2373,3106 2305,3092 1365,3096"/>
                <Baseline points="1376,3131 1426,3131 1476,3128 1526,3131 1576,3131 1626,3129 1676,3130 1726,3129 1776,3131 1826,3131 1877,3131 1927,3131 1977,3131 2027,3131 2077,3131 2127,3130 2177,3130 2227,3131 2277,3131 2327,3131 2378,3130"/>
                <TextEquiv>
                    <Unicode>Dña. Clara de Norman, a quien felicitamos</Unicode>
                </TextEquiv>
            </TextLine>
            <TextLine id="l_234" custom="readingOrder {index:57;}">
                <Coords points="1363,3204 1395,3204 1413,3186 1449,3196 1558,3186 1618,3192 1644,3208 1714,3196 1714,3156 1662,3138 1363,3140"/>
                <Baseline points="1373,3176 1399,3176 1426,3176 1452,3176 1479,3176 1506,3176 1532,3176 1559,3176 1585,3176 1612,3176 1639,3176 1665,3176 1692,3176 1719,3176"/>
                <TextEquiv>
                    <Unicode>cumplidamente.</Unicode>
                </TextEquiv>
            </TextLine>
            <TextEquiv>
                <Unicode></Unicode>
            </TextEquiv>
        </TextRegion>
    </Page>
</PcGts>
