2479 3508
1522 0 2269 142 A LA A LA A
1674 92 1994 187 A
1015 259 1677 312 ENINA
298 322 422 379 N
573 411 1967 470 REVISTA DE LITERATURA, CIENCIAS Y ARTES
865 465 1692 515 CONSAGRADA A LA MUJER.
916 614 1639 670 DIRECTORA ADMINISTRADORA:
806 668 1746 721 PETRONILA ANGELICA GOMEZ
1098 725 1456 775 Maestra Normal.
1116 883 1450 936 REDACTORES:
812 949 1749 999 MARIA L. ANGELIS DE CANINO.
1146 990 2182 1043 CONSUELO MONTALVO DE FRIAS.
379 999 1083 1055 PETRONILA A. GOMEZ,
2149 1116 2269 1169 No 9
812 1125 1725 1178 San Pedro de Macorís, Moviembre 30 de 1922
289 1131 486 1187 Año 1
615 1334 1949 1393 Al Rededor de un roblema.
468 1519 1253 1572 USCANDO en el piélago infinito.
489 1567 1262 1623 la profunda mirada del Hacedor
498 1617 1262 1673 Supremo, hemos emprendido la¬
274 1621 388 1679 E
495 1674 1256 1727 difícil tarea que nos ocupa, como
322 1716 438 1772 E
492 1728 1259 1781 implorando su aprobación á
265 1749 459 1817 I
495 1782 1110 1832 nuestra atrevida empresa.
316 1829 1262 1888 No esperamos que el feminismo presente
250 1883 1262 1939 sea como el de los tiempos pretéritos, cuyas
256 1937 1262 1996 absurdas inclinaciones fueron atacadas re¬
256 1994 1247 2047 sueltamente por Robespierre. Chauntte y
259 2038 1265 2100 otros tantos, quienes hicieron mil veces
259 2092 1268 2151 bien al combatir el monstruoso feminismo
256 2155 1256 2208 que, negando á Dios, no persegnía mas q.
262 2203 1259 2259 una libertad que amenazaba de ruina la
259 2256 1259 2309 moral y la religión, sin las cuales sería la¬
259 2307 1262 2360 mujer una especie de obstáculo para la
256 2358 1262 2417 buena marcha de la vida del hogar para el
262 2415 1262 2468 cual está destinada como factor principal.
319 2462 1262 2518 Tampoco veríamos con buenos ojos la
259 2516 1262 2575 igualdad de sexos, porque esto otro contra¬
256 2570 1262 2626 ría las lleves de la sabia Naturaleza que ha
265 2618 1262 2680 dotado al hombre fisicamente de mas forta¬
259 2671 1262 2733 leza porque ha sido creado para un fin dis¬
265 2734 877 2787 tinto al de la débil mujer.
310 2809 1271 2865 Amamos al Ser infinitamente grande y
262 2856 1274 2924 poderoso que nos ha dado este hermoso
271 2916 1271 2975 pedazo del Universo que llamamos patria
262 2970 1268 3023 donde sentimos flotar su imagen invisible,
265 3015 1277 3077 como un misterioso perfume que nos em¬
268 3068 1265 3127 briaga y que emerge de todas las maravi¬
1301 1483 2316 1539 llas que contemplamos en esta adorada
1301 1540 1477 1593 región.
1358 1591 2313 1644 Basadas en sus leyes divinas, vamos en
1319 1638 2307 1697 pos de un perfeccionamiento moral e inte¬
1313 1686 2313 1745 lectual que nos capacite á obtener la vali¬
1307 1746 2313 1802 dación de nuestro derecho de humanidad
1313 1803 1576 1856 consciente.
1361 1847 2313 1906 Hemos establecido comparaciones entre
1307 1898 2301 1957 el feminismo de las naciones mas civiliza¬
1307 1958 2304 2011 das, desde Francia, donde surgió en 178.
1313 2006 2310 2065 hasta los Estados Unidos de América don¬
1310 2062 2307 2118 de impera y se abre paso en el presente, y
1316 2110 2307 2169 debemos confesar que adelanta orientán¬
1307 2161 2313 2220 dose por la senda de la perfección y modi¬
1310 2221 2313 2276 fica sus tendencias en sentido tan razona¬
1313 2271 2313 2327 ble que merece el apoyo y adhesión del
1307 2325 2313 2384 sexo contrario, y surgen las defensas en
1313 2379 1830 2441 pro de la noble causa.
1370 2427 2313 2485 Es este el paso de avance que nos acerca
1316 2480 2307 2539 al triunfo, ya que solo buscamos la eman¬
1313 2531 2304 2587 cipación para un fin que enaltece y redi¬
1316 2594 1886 2644 me á la mujer virtuosa.
1367 2636 2310 2694 De aquí que, erguida la frente que sue¬
1313 2689 2313 2751 ña con tales cimas, escalemos como el á¬
1316 2746 2313 2811 guila alturas incomparables y agitemos
1316 2794 2307 2856 nuestras alas á impulso de la magna fuer¬
1313 2844 2316 2912 za que nos imprime nuestro espíritu in¬
1322 2904 2313 2966 quebrantable, noblemente inspirado en el
1322 2961 1883 3017 santo ideal de Libertad.
1561 3012 2266 3068 CONSUELO MONTALVO DE FRIAS.
1794 3068 2060 3118 (Magnolia,
