2479 3508
197 62 474 121 Fémina
2039 62 2245 112 Página 2
674 211 1746 267 Pedra Arada.
865 358 1594 411 CUENTO RUMANO.
220 549 1203 599 La bella Pauna era altiva, muy altiva.
167 599 1206 652 No en vano tenía ojos obscuros, cejas retin¬
176 656 1200 709 tas, y nariz de aguila. Su boca era grano
170 707 1197 763 de oro airosamente dibujada, y cuando ha¬
173 764 1200 817 blaba o reía se veía en ella dos filas de
176 820 1209 870 dientes deslumbrantes. Sus trenzas negras
173 874 1188 930 la ceñían la frente a modo de corrona, y
170 928 1203 978 muchos la llamaban en tono de chanza Peri¬
173 979 1203 1035 de Imparás hija de emperador, por su¬
173 1035 1206 1085 alta estatura, por su gallardo y majestuoso
170 1089 1209 1142 andar, y por la elegante cabeza siempre
167 1143 1206 1199 erguida, como si llevara encima de ella
176 1196 474 1252 alguna cosa.
229 1253 1203 1306 Sin embargo, no era tan altiva como para
173 1307 1203 1360 no volver la cara cuando pasaba Tannas;
176 1361 1203 1414 ni como para no prestarle oidos cuando él
173 1414 1203 1467 la hablaba mientras danzaba el hora, Pero
173 1471 1206 1527 iguay si alguien se atrevía á darle bromas
185 1528 1197 1581 por ello! Inflamábanse sus mejillas, y una
179 1576 1191 1632 hiriente respuesta castigaba al imperti¬
176 1632 328 1688 ente.
229 1686 1203 1739 Tannas era muy envidiado por los otros
167 1743 1200 1793 mancebos, y lo fue mucho mas cuando se
170 1794 1206 1850 supo como cosa cierta que estaba compro¬
179 1850 832 1903 metido con la altiva jóven.
232 1901 1209 1957 Mas sucedió por entonces que invadiese
173 1955 1203 2011 el país enemigo, y Tannas tuvo que mar¬
170 2012 1203 2065 char hacia el Danubio con el ejército. Pau¬
173 2059 1191 2121 na tragó sus lágrimas delante de los extra¬
173 2119 1197 2175 ños, pero ninguno de ellos se atrevió a pre¬
179 2176 1155 2232 guntarle si no las derramaba en secreto.
220 2229 1200 2282 Supo procurarse el modo de ser una de
173 2283 1197 2339 las primeras que recibiera en la aldea no¬
176 2334 1212 2393 ticias del eiército, y cuando le llegaron las
173 2391 1206 2444 de las primeras batallas, le fue preciso re¬
173 2444 1194 2500 costarse junto á la cruz de piedra que hay
173 2498 1203 2557 a la entrada de la aldea itan desfallecida
176 2555 1170 2608 se sintió ella, la altiva, la fuerte Pauna!
235 2609 1200 2668 Desde entonces no le fue posible pegar
176 2665 1212 2721 los ojos por las noches, y muy a menudo
182 2716 1203 2775 tenía que dejar encendida la lámpara, pa¬
185 2770 1206 2829 ra no ver el espantoso fantasma de Tanuas
182 2824 1173 2883 cubierto de heridas, moribundo o muerto.
235 2880 1200 2936 En una obscurísima noche, la joven, ves¬
173 2934 1209 2990 tida aún hallábase sentada en el borde de
176 2991 1209 3047 su lecho, ignorando que afuera rondaba su
176 3045 1206 3098 casa, sigilosamente un hombre. Elignora¬
173 3101 1203 3154 ba también cuan linda estaba, con las ma¬
901 447 1570 500 POR CARMEN SILVA.
1250 543 2280 596 nos entrelazadas sobre sus rodillas y sus
1253 599 2283 652 ojazos negros, abiertos y vagamente fijas
1250 656 1537 709 en el vacío.
1301 707 2286 763 De pronto se oyó un golpe en la venta¬
1250 767 2292 817 na: la moza saltó del lecho reprimiendo un
1247 814 2286 876 grito, y se asomó á la ventana tratando de
1259 874 2185 927 penetrar la obscuridad con su mirada.
1301 922 2289 975 Parecióle ver á Tannas, y en el mismo
1253 976 2292 1035 instante oyó una voz que la llamaba que¬
1247 1035 1803 1085 damente y con cariño:
1346 1086 2286 1142 Pauna, querida Pauna, sal, ven, no
1250 1143 1809 1199 temas, soy yo, Tannas.
1304 1191 2295 1252 Pauna tenía ya la mano en el pestillo de
1241 1253 2289 1306 la puerta, y apenas salió afuera sintió un
1247 1307 2009 1360 brazo que la rodeó con ternura.
1301 1358 2280 1414 Pero ella alejó el brazo que la estrecha¬
1250 1417 1501 1467 ba, y dijo:
1301 1471 2289 1524 Eres tú de veras? ¡Nadie pretende bur¬
1247 1525 1546 1575 larse de mí?
1322 1573 2289 1632 —Aquí tienes, Pauna, tu anillito, y aquí
1247 1629 2286 1685 colgada á mi cuello la medalla. No he po¬
1250 1683 2286 1739 dido resistir mas al deseo de verte, y he
1253 1743 2289 1796 venido á cerciorarme de si eras constante.
1358 1794 2289 1847 Y ¿quién te ha licenciado del ejército?
1352 1853 1624 1903 A mi
1650 1853 1815 1903 Nadie.
1328 1904 2286 1957 ¡Nadie! Y estás aquí? Entonces, aca¬
1247 1961 1659 2011 bó ya la guerra?
1307 2009 2292 2068 Oh, nó; hay guerra todavía, pero vo
1253 2065 2286 2127 me he escapado furtivamente, joh, Pauna,
1256 2122 1612 2178 porque te amo.
1358 2176 2292 2232 Porque me amas? — dijo ella con una
1241 2232 2298 2285 áspera y breve carcajada, — ¡Entónces tú
1250 2289 2295 2339 crees que pueda gustarme tener por prome¬
1247 2340 1833 2393 tido un desertor, ¡Vete!
1361 2397 2289 2450 Pero Pauna! Este es tu amor, ¡Me
1247 2450 2128 2506 mandas á la muerte, á la perdición!
1355 2501 2289 2557 Ve donde quieras, mas ove lo que te
1256 2558 2295 2611 digo; no seré nunca tu esposa, porque no
1268 2612 2295 2668 puedo aceptar por marido un hombre que
1253 2662 1498 2718 desprecio.
1371 2718 1773 2775 Tú amas á otro!
1358 2770 2295 2832 No. Taunas, sólo á tí amo, y he pasado
1265 2836 2292 2889 por tí muchas noches en vela; pero nunca
1256 2883 2283 2939 me imaginé que amaba á un hombre co¬
1253 2940 1415 2990 barde.
1316 2994 2295 3053 Y Pauna escondíó el rostro entre las
1253 3050 1606 3103 manos y lloró.
1349 3104 2298 3163 Y yo que pensaba que me recibirías
