2479 3508
250 122 444 178 Página 3
203 217 1215 276 con júbilo! iy que hasta me habrías escon¬
206 277 591 327 dido en tu casa!
301 325 1218 381 Que verguenza,—exclamó la jóven¬
200 378 1221 437 Que vergenza, ihaberme comprometido
200 432 1224 485 contigo! Pero te aseguro que antes de que
208 483 1206 542 yo sea tu mujer, tendrá que arder el mon¬
206 540 456 596 de Bucegi.
259 587 1221 643 Y vo á mi vez te afirmo,—exclamó
206 644 1218 700 Tannas—que no me volverás á ver si no
203 701 665 751 muerto o mutilado.
265 755 1221 808 Y al decir esto los dos jóvenes se cambia¬
203 802 1230 858 ron tan ardientes miradas que sus ojos
211 856 1215 909 brillaron en la sombra Y entonces se di¬
203 913 1212 963 fundió por el cielo una rojiza claridad, y
206 964 1218 1017 cuando levantaron la vista vieron encendi¬
203 1017 1131 1067 das una de las cimas del monte Bucegi.
265 1071 1224 1121 El fuego se iba haciendo cada vez más
208 1119 1215 1175 vivaz, hasta que aperecció como una llama¬
208 1170 1227 1229 rada roja diseminando estrellas por do¬
203 1232 385 1285 quiera.
262 1277 1230 1336 Los dos enamorados quedáronse como
214 1334 1221 1387 petrificados. Se abrieron las ventanas de
208 1388 1227 1438 la vecindad; algunas personas gritaban
203 1435 1224 1497 que se habían incendiado la selva y otras
206 1489 1218 1545 que ardía la montaña. Ladraban los pe¬
211 1546 1224 1599 ros, y los gallos de las cercanías cantaban
208 1597 576 1653 a mas no poder
262 1650 1218 1706 Pauna, entonces, tomó al mancebo por
206 1704 1230 1760 los hombros, y dándole un empellón, le
203 1761 328 1817 dijo:
326 1811 1215 1864 Vete de aquíl, joculta tu cara, o me
208 1871 716 1921 moriré de verguenza!
262 1916 1224 1975 Y después de haberle dicho esto, cerró
203 1970 1227 2029 la puerta de su casa y apagó la lámpara!
271 2023 1221 2076 y desde la ventana, con el corazón pal¬
206 2077 1221 2133 pitante, siguió con la mirada á Tannas que
206 2128 1227 2187 se escurría por contra las paredes de las
203 2182 1221 2238 casas; vió subir de grado las llamaradas de
203 2232 1224 2291 montaña, y extinguirse después con lenti¬
203 2292 1227 2345 tud; y no contestó cuando la llamaron los
203 2343 1179 2399 de su casa á que saliera á ver maravilla.
259 2397 1230 2456 A contar de aquella noche en adelante
211 2450 1224 2506 Pauna fué palideciendo día por día, y lo
208 2501 1230 2557 notaban todos la sonrisa había desapare¬
208 2558 1230 2608 cido de aquellos labios tan prontos en otros
211 2600 2277 2665 tiempos á las chanzas y burlas; y ya no cadáveres y en los heridos deformados ho¬
214 2662 1236 2718 rebatía con punzantes o burlonas salidas
203 2722 874 2775 las bromas que se le hacían.
262 2773 1224 2826 Atendía en silencio á sus quehaceres;
208 2821 1224 2883 pero había veces que se sentía tan cansa¬
197 2880 1215 2930 da que tenía que sentarse junto al pozo, y
203 2928 1224 2984 mojarse con agua la ardorosa frente. Otras
203 2982 1221 3035 veces, con aspecto delirante, mirábase en
203 3033 1221 3092 la linde del pozo o contemplaba el Bucegi¬
197 3095 507 3145 con espanto.
1979 116 2230 172 Fémina
1313 217 2280 270 De pronto se esparció la voz de que
1268 271 2280 324 Tannas había estado en la aldea y no faltó
1268 322 2280 381 quien dijera que lo había visto al resplan¬
1262 375 2271 428 dor del incendiado monte, y hasta que oyó
1265 432 2089 482 su voz en diálogo con la de Pauna.
1313 483 2271 539 Cuando se interrogó a ésta al respecto,
1259 531 2269 590 se le emperló la frente de gotas de sudor y
1259 587 2063 640 temblaron sus labios al contestar:
1358 638 2277 694 La noche en que ardió la montaña no
1262 695 2125 745 estuvo mi casa tranquila y obscura?
1313 746 2280 799 Sin embargo, la madre de Pauna menea¬
1265 802 2266 852 ba la cabeza, se mordía el labio inferior, y
1274 856 2274 912 pensaba, que en este siglo malo, sucedían
1265 907 1940 957 muchas cosas sorprendentes.
1313 958 2280 1011 Poco después liego la noticia de que se
1268 1014 2185 1067 había librado una sangrienta batalla.
1319 1062 2277 1121 Esta vez, Pauna fué la última en tener
1268 1119 2277 1172 conocimiento del hecho; volvió temprano á
1259 1173 2280 1229 su casa, envolvió un frasco en un pañuelo
1274 1220 2280 1282 y un montón de hilas, y cuando su madre,
1277 1277 2080 1336 preguntó adonde iba, le respondió:
1313 1328 2269 1381 —No te inquietes, madre, pronto vol¬
1313 1543 2280 1593 Caía ya el crepúsculo sobre el campo de
1268 1591 2269 1650 batalla; millares de muertos vacían tendi¬
1268 1647 2283 1700 dos y esparcidos aquí y allá: los caballos
1277 1701 1797 1760 pataleaban, luchando
1824 1701 2277 1754 con la agonía, o se
1265 1758 2280 1811 arrastraban, cojeando, con la cabeza baja.
1322 1806 2280 1862 El ejército estaba acampado al rededor
1262 1862 2277 1915 de grandes fogatas, y ya no tenía oidos
1274 1913 2280 1975 para los lamentos que le llegaban del cam¬
1280 1967 1603 2023 po de batalla.
1319 2020 2277 2073 Una esbelta figura de mujer vagaba sola
1268 2077 2280 2127 entre las filas, después de haber buscado á
1265 2128 2152 2181 Tannas, y preguntado á todos por él,
1325 2185 2271 2235 Animosa se acercó a amigos y enemigos.
1265 2232 2277 2285 dando de beber á más de uno, y observan¬
1265 2286 2051 2339 do cuidadosamente los cadáveres.
1316 2340 2274 2393 Llego la noche y la luna iluminó aquel
1277 2394 2274 2453 paraje espantoso. La jóven continuaba¬
1265 2444 2277 2497 yagando siempre; arrodillábase junto á los
1265 2498 2271 2554 muertos y moribundos: apoyaba las hela¬
1265 2549 2269 2608 das frentes contra su seno buscaba en los
1268 2653 2277 2715 rriblemente un anillo y una medalla col¬
1259 2713 1665 2775 gada del cuello.
1325 2764 2269 2820 Sólo uno vez retrocedió aterrorizada y
1268 2815 2271 2874 tambaleante; vió algunas mujeres que des¬
1277 2871 2277 2927 pojaban un cadáver y ovó el crujir de los
1268 2922 2033 2978 dedos al arrancarles los anillos.
1313 2976 2280 3032 Huyó de allí; pero no tardó en volver
1274 3030 2271 3095 para observar acongojadamente aquel
