<?xml version="1.0" encoding="UTF-8" standalone="yes"?>
<PcGts xmlns="http://schema.primaresearch.org/PAGE/gts/pagecontent/2013-07-15" xmlns:xsi="http://www.w3.org/2001/XMLSchema-instance" xsi:schemaLocation="http://schema.primaresearch.org/PAGE/gts/pagecontent/2013-07-15 http://schema.primaresearch.org/PAGE/gts/pagecontent/2013-07-15/pagecontent.xsd">
    <Metadata>
        <Creator>prov=READ-COOP:name=PyLaia@TranskribusPlatform:version=2.33.0:model_id=419461:lm=provided:date=28_10_2025_16:01</Creator>
        <Created>2025-10-28T15:49:44.036728</Created>
        <LastChange>2025-10-28T16:01:57.737+01:00</LastChange>
        <TranskribusMetadata docId="11368963" pageId="104387257" pageNr="4" tsid="259146335" status="IN_PROGRESS" userId="30120" imgUrl="https://files.transkribus.eu/Get?fileType=view&amp;id=MDYPGWKOXDYZNTYYELNZWWXD" xmlUrl="https://files.transkribus.eu/Get?id=HHKJVHXZVICHGJHMWALCLTGY" imageId="87597017">
            <PageLabel labelId="111" color="#00FA9A">Text Done</PageLabel>
        </TranskribusMetadata>
    </Metadata>
    <Page imageFilename="0004_p004.jpg" imageWidth="2479" imageHeight="3508">
        <ReadingOrder>
            <OrderedGroup id="ro_1781166453242" caption="Regions reading order">
                <RegionRefIndexed index="0" regionRef="tr_1761663002"/>
                <RegionRefIndexed index="1" regionRef="tr_1761663003"/>
                <RegionRefIndexed index="2" regionRef="tr_1761663000"/>
                <RegionRefIndexed index="3" regionRef="tr_1761663001"/>
                <RegionRefIndexed index="4" regionRef="tr_1761663004"/>
                <RegionRefIndexed index="5" regionRef="tr_1761662999"/>
            </OrderedGroup>
        </ReadingOrder>
        <TextRegion id="tr_1761663002" custom="readingOrder {index:0;}">
            <Coords points="145,32 1231,32 1231,149 145,149"/>
            <TextLine id="tr_1761663002_tl_1" custom="readingOrder {index:0;}">
                <Coords points="191,71 471,74 471,124 191,121"/>
                <Baseline points="191,116 235,116 280,119 325,119 370,119 414,119 459,119 471,119"/>
                <TextEquiv>
                    <Unicode>Femina</Unicode>
                </TextEquiv>
            </TextLine>
            <TextEquiv>
                <Unicode></Unicode>
            </TextEquiv>
        </TextRegion>
        <TextRegion id="tr_1761663003" custom="readingOrder {index:1;}">
            <Coords points="1244,27 2323,27 2323,135 1244,135"/>
            <TextLine id="tr_1761663003_tl_1" custom="readingOrder {index:0;}">
                <Coords points="2036,50 2191,50 2236,44 2236,94 2191,100 2036,100"/>
                <Baseline points="2036,95 2057,95 2101,95 2146,95 2191,95 2236,89"/>
                <TextEquiv>
                    <Unicode>Página 4</Unicode>
                </TextEquiv>
            </TextLine>
            <TextEquiv>
                <Unicode></Unicode>
            </TextEquiv>
        </TextRegion>
        <TextRegion id="tr_1761663000" custom="readingOrder {index:2;}">
            <Coords points="130,174 1213,174 1213,2166 130,2166"/>
            <TextLine id="tr_1761663000_tl_1" custom="readingOrder {index:0;}">
                <Coords points="217,184 1206,175 1206,225 1161,228 217,234"/>
                <Baseline points="217,229 220,229 265,229 310,229 355,229 400,229 444,229 489,232 534,232 579,232 623,229 668,232 713,229 758,229 803,226 847,229 892,226 937,226 982,226 1027,226 1071,223 1116,223 1161,223 1206,220"/>
                <TextEquiv>
                    <Unicode>Todo el campo estaba sumerjido en el</Unicode>
                </TextEquiv>
            </TextLine>
            <TextLine id="tr_1761663000_tl_2" custom="readingOrder {index:1;}">
                <Coords points="152,241 1200,229 1200,279 1155,282 152,291"/>
                <Baseline points="152,286 170,289 214,286 259,286 304,286 349,286 394,286 438,286 483,286 528,286 573,286 618,283 662,286 707,280 752,286 797,283 841,280 886,283 931,283 976,280 1021,280 1065,277 1110,277 1155,277 1200,274"/>
                <TextEquiv>
                    <Unicode>silencio y en el sueño, y Pauna lo recorrió</Unicode>
                </TextEquiv>
            </TextLine>
            <TextLine id="tr_1761663000_tl_3" custom="readingOrder {index:2;}">
                <Coords points="155,295 1197,289 1197,339 155,345"/>
                <Baseline points="155,340 167,340 211,343 256,343 301,343 346,340 391,340 435,337 480,340 525,337 570,340 615,340 659,340 704,340 749,340 794,340 838,337 883,337 928,337 973,334 1018,334 1062,331 1107,334 1152,334 1197,334"/>
                <TextEquiv>
                    <Unicode>aun á la luz de la luna, llamando algunas</Unicode>
                </TextEquiv>
            </TextLine>
            <TextLine id="tr_1761663000_tl_4" custom="readingOrder {index:3;}">
                <Coords points="170,349 612,349 612,399 170,399"/>
                <Baseline points="170,394 214,394 259,394 304,394 349,394 394,394 438,394 483,394 528,394 573,394 612,394"/>
                <TextEquiv>
                    <Unicode>veces en voz baja:</Unicode>
                </TextEquiv>
            </TextLine>
            <TextLine id="tr_1761663000_tl_5" custom="readingOrder {index:4;}">
                <Coords points="277,411 307,405 486,405 486,455 307,455 277,461"/>
                <Baseline points="277,456 307,450 352,450 397,450 441,450 486,450"/>
                <TextEquiv>
                    <Unicode>¡Tannas!</Unicode>
                </TextEquiv>
            </TextLine>
            <TextLine id="tr_1761663000_tl_6" custom="readingOrder {index:5;}">
                <Coords points="208,459 1197,453 1197,503 208,509"/>
                <Baseline points="208,504 211,504 256,504 301,507 346,504 391,504 435,504 480,501 525,504 570,501 615,504 659,501 704,504 749,501 794,501 838,501 883,498 928,498 973,498 1018,495 1062,498 1107,498 1152,498 1197,498"/>
                <TextEquiv>
                    <Unicode>A menudo oía un quejido por respuesta:</Unicode>
                </TextEquiv>
            </TextLine>
            <TextLine id="tr_1761663000_tl_7" custom="readingOrder {index:6;}">
                <Coords points="158,513 1197,504 1197,554 158,563"/>
                <Baseline points="158,558 167,561 211,558 256,561 301,561 346,561 391,561 435,558 480,558 525,558 570,558 615,555 659,555 704,555 749,555 794,555 838,555 883,555 928,552 973,552 1018,552 1062,552 1107,552 1152,549 1197,549"/>
                <TextEquiv>
                    <Unicode>se acercaba á quien lo había lanzado, le</Unicode>
                </TextEquiv>
            </TextLine>
            <TextLine id="tr_1761663000_tl_8" custom="readingOrder {index:7;}">
                <Coords points="164,567 1197,564 1197,614 164,617"/>
                <Baseline points="164,612 167,612 211,615 256,615 301,615 346,612 391,615 435,612 480,612 525,615 570,615 615,612 659,609 704,609 749,609 794,612 838,609 883,609 928,609 973,609 1018,606 1062,600 1107,606 1152,606 1197,609"/>
                <TextEquiv>
                    <Unicode>daba de beber, y se alejaba en seguida,</Unicode>
                </TextEquiv>
            </TextLine>
            <TextLine id="tr_1761663000_tl_9" custom="readingOrder {index:8;}">
                <Coords points="164,623 952,617 952,667 164,673"/>
                <Baseline points="164,668 191,668 235,668 280,665 325,668 370,668 414,668 459,668 504,668 549,665 594,662 638,662 683,662 728,662 773,665 818,665 862,662 907,662 952,662"/>
                <TextEquiv>
                    <Unicode>moviendo tristemente la cabeza.</Unicode>
                </TextEquiv>
            </TextLine>
            <TextLine id="tr_1761663000_tl_10" custom="readingOrder {index:9;}">
                <Coords points="217,677 1197,665 1197,715 1152,718 217,727"/>
                <Baseline points="217,722 256,722 301,722 346,719 391,722 435,722 480,722 525,722 570,722 615,719 659,719 704,719 749,719 794,716 838,716 883,719 928,719 973,716 1018,716 1062,716 1107,713 1152,713 1197,710"/>
                <TextEquiv>
                    <Unicode>Llegó finalmente el alba y poco a poco</Unicode>
                </TextEquiv>
            </TextLine>
            <TextLine id="tr_1761663000_tl_11" custom="readingOrder {index:10;}">
                <Coords points="167,731 1203,719 1203,769 1113,775 167,781"/>
                <Baseline points="167,776 173,776 217,776 262,779 307,779 352,776 397,776 441,776 486,776 531,773 576,773 620,773 665,773 710,773 755,773 800,773 844,773 889,773 934,770 979,770 1024,770 1068,770 1113,770 1158,767 1203,764"/>
                <TextEquiv>
                    <Unicode>fué palideciendo la luna. Entonces notó</Unicode>
                </TextEquiv>
            </TextLine>
            <TextLine id="tr_1761663000_tl_12" custom="readingOrder {index:11;}">
                <Coords points="161,784 1203,773 1203,823 1113,829 161,834"/>
                <Baseline points="161,829 173,832 217,832 262,832 307,832 352,832 397,829 441,829 486,829 531,829 576,832 620,829 665,829 710,829 755,826 800,826 844,826 889,826 934,826 979,824 1024,824 1068,824 1113,824 1158,821 1203,818"/>
                <TextEquiv>
                    <Unicode>algo que relucía, y acercándose a ella en¬</Unicode>
                </TextEquiv>
            </TextLine>
            <TextLine id="tr_1761663000_tl_13" custom="readingOrder {index:12;}">
                <Coords points="167,838 1197,826 1197,876 1152,882 167,888"/>
                <Baseline points="167,883 211,883 256,886 301,883 346,883 391,883 435,883 480,886 525,883 570,883 615,883 659,883 704,883 749,880 794,880 838,883 883,880 928,880 973,880 1018,880 1062,880 1107,877 1152,877 1197,871"/>
                <TextEquiv>
                    <Unicode>contró un muerto á quien habían despoja¬</Unicode>
                </TextEquiv>
            </TextLine>
            <TextLine id="tr_1761663000_tl_14" custom="readingOrder {index:13;}">
                <Coords points="170,895 1200,886 1200,936 170,945"/>
                <Baseline points="170,940 214,937 259,940 304,937 349,940 394,940 438,940 483,940 528,940 573,937 618,937 662,937 707,937 752,937 797,937 841,937 886,934 931,934 976,934 1021,934 1065,931 1110,931 1155,931 1200,931"/>
                <TextEquiv>
                    <Unicode>do de su casaca, pero cuya mano, en la que</Unicode>
                </TextEquiv>
            </TextLine>
            <TextLine id="tr_1761663000_tl_15" custom="readingOrder {index:14;}">
                <Coords points="176,949 1200,940 1200,990 176,999"/>
                <Baseline points="176,994 214,994 259,994 304,994 349,994 394,991 438,994 483,991 528,994 573,994 618,994 662,991 707,988 752,991 797,991 841,991 886,991 931,985 976,988 1021,988 1065,985 1110,988 1155,985 1200,985"/>
                <TextEquiv>
                    <Unicode>brillaba un anillito, oprimia con tanta¬</Unicode>
                </TextEquiv>
            </TextLine>
            <TextLine id="tr_1761663000_tl_16" custom="readingOrder {index:15;}">
                <Coords points="167,1002 1203,993 1203,1043 1158,1046 167,1052"/>
                <Baseline points="167,1047 173,1050 217,1047 262,1047 307,1047 352,1047 397,1047 441,1047 486,1047 531,1047 576,1044 620,1044 665,1044 710,1044 755,1044 800,1044 844,1044 889,1044 934,1041 979,1041 1024,1041 1068,1041 1113,1041 1158,1041 1203,1038"/>
                <TextEquiv>
                    <Unicode>fuerza algo que pendía del pescuezo, que</Unicode>
                </TextEquiv>
            </TextLine>
            <TextLine id="tr_1761663000_tl_17" custom="readingOrder {index:16;}">
                <Coords points="170,1053 1191,1047 1191,1097 1146,1100 170,1103"/>
                <Baseline points="170,1098 206,1101 250,1101 295,1101 340,1101 385,1101 429,1101 474,1101 519,1101 564,1101 609,1101 653,1095 698,1098 743,1098 788,1098 832,1098 877,1098 922,1095 967,1095 1012,1092 1056,1095 1101,1092 1146,1095 1191,1092"/>
                <TextEquiv>
                    <Unicode>evidentemente, los despilchadores se ha¬</Unicode>
                </TextEquiv>
            </TextLine>
            <TextLine id="tr_1761663000_tl_18" custom="readingOrder {index:17;}">
                <Coords points="179,1110 1206,1101 1206,1151 179,1160"/>
                <Baseline points="179,1155 220,1155 265,1158 310,1155 355,1155 400,1155 444,1155 489,1155 534,1155 579,1155 623,1152 668,1152 713,1152 758,1152 803,1152 847,1152 892,1152 937,1149 982,1152 1027,1149 1071,1149 1116,1149 1161,1146 1206,1146"/>
                <TextEquiv>
                    <Unicode>bían visto obligados a desistir de abrirle</Unicode>
                </TextEquiv>
            </TextLine>
            <TextLine id="tr_1761663000_tl_19" custom="readingOrder {index:18;}">
                <Coords points="173,1167 417,1167 417,1217 173,1217"/>
                <Baseline points="173,1212 217,1209 262,1209 307,1209 352,1209 397,1209 417,1212"/>
                <TextEquiv>
                    <Unicode>los dedos.</Unicode>
                </TextEquiv>
            </TextLine>
            <TextLine id="tr_1761663000_tl_20" custom="readingOrder {index:19;}">
                <Coords points="220,1220 1200,1208 1200,1258 220,1270"/>
                <Baseline points="220,1265 259,1265 304,1265 349,1265 394,1262 438,1262 483,1265 528,1265 573,1262 618,1262 662,1262 707,1262 752,1262 797,1262 841,1262 886,1262 931,1262 976,1259 1021,1256 1065,1259 1110,1256 1155,1253 1200,1253"/>
                <TextEquiv>
                    <Unicode>Pauna reconoció su anillo, y exclaman¬</Unicode>
                </TextEquiv>
            </TextLine>
            <TextLine id="tr_1761663000_tl_21" custom="readingOrder {index:20;}">
                <Coords points="167,1274 1197,1265 1197,1315 167,1324"/>
                <Baseline points="167,1319 211,1319 256,1319 301,1319 346,1319 391,1319 435,1316 480,1319 525,1319 570,1319 615,1319 659,1316 704,1316 749,1316 794,1313 838,1316 883,1316 928,1313 973,1310 1018,1310 1062,1313 1107,1310 1152,1310 1197,1310"/>
                <TextEquiv>
                    <Unicode>do en un grito ¡Tannas, cayó desvanecida</Unicode>
                </TextEquiv>
            </TextLine>
            <TextLine id="tr_1761663000_tl_22" custom="readingOrder {index:21;}">
                <Coords points="176,1337 1206,1316 1206,1366 176,1387"/>
                <Baseline points="176,1382 220,1376 265,1373 310,1373 355,1373 400,1373 444,1370 489,1370 534,1373 579,1370 623,1370 668,1370 713,1373 758,1370 803,1370 847,1370 892,1370 937,1367 982,1367 1027,1367 1071,1367 1116,1367 1161,1364 1206,1361"/>
                <TextEquiv>
                    <Unicode>junto á él, cuyo rostro bañado en sangre</Unicode>
                </TextEquiv>
            </TextLine>
            <TextLine id="tr_1761663000_tl_23" custom="readingOrder {index:22;}">
                <Coords points="173,1379 749,1382 749,1432 173,1429"/>
                <Baseline points="173,1424 217,1427 262,1427 307,1427 352,1427 397,1427 441,1427 486,1427 531,1427 576,1427 620,1424 665,1424 710,1424 749,1427"/>
                <TextEquiv>
                    <Unicode>era apenas reconocible.</Unicode>
                </TextEquiv>
            </TextLine>
            <TextLine id="tr_1761663000_tl_24" custom="readingOrder {index:23;}">
                <Coords points="229,1438 1212,1429 1212,1479 229,1488"/>
                <Baseline points="229,1483 271,1483 316,1483 361,1483 406,1477 450,1477 495,1480 540,1480 585,1477 629,1477 674,1477 719,1477 764,1477 809,1477 853,1477 898,1477 943,1477 988,1477 1032,1477 1077,1474 1122,1474 1167,1471 1212,1474"/>
                <TextEquiv>
                    <Unicode>Al poco rato volvió en sí, y púsose a</Unicode>
                </TextEquiv>
            </TextLine>
            <TextLine id="tr_1761663000_tl_25" custom="readingOrder {index:24;}">
                <Coords points="176,1492 1197,1483 1197,1533 176,1542"/>
                <Baseline points="176,1537 211,1537 256,1534 301,1534 346,1537 391,1534 435,1534 480,1531 525,1534 570,1534 615,1531 659,1534 704,1534 749,1531 794,1531 838,1531 883,1528 928,1531 973,1531 1018,1528 1062,1528 1107,1525 1152,1528 1197,1528"/>
                <TextEquiv>
                    <Unicode>lavar aquel rostro querido y pudo ver al</Unicode>
                </TextEquiv>
            </TextLine>
            <TextLine id="tr_1761663000_tl_26" custom="readingOrder {index:25;}">
                <Coords points="176,1543 1203,1537 1203,1587 176,1593"/>
                <Baseline points="176,1588 217,1591 262,1588 307,1588 352,1588 397,1588 441,1588 486,1588 531,1588 576,1591 620,1591 665,1588 710,1588 755,1588 800,1588 844,1588 889,1585 934,1585 979,1579 1024,1579 1068,1585 1113,1582 1158,1582 1203,1582"/>
                <TextEquiv>
                    <Unicode>través de sus lágrimas que los ojos y la¬</Unicode>
                </TextEquiv>
            </TextLine>
            <TextLine id="tr_1761663000_tl_27" custom="readingOrder {index:26;}">
                <Coords points="173,1600 1209,1591 1209,1641 173,1650"/>
                <Baseline points="173,1645 179,1645 223,1645 268,1645 313,1645 358,1645 403,1645 447,1642 492,1645 537,1642 582,1642 626,1642 671,1642 716,1642 761,1642 806,1642 850,1639 895,1639 940,1639 985,1639 1030,1639 1074,1639 1119,1639 1164,1636 1209,1636"/>
                <TextEquiv>
                    <Unicode>nariz le habían sido cortados de un sólo</Unicode>
                </TextEquiv>
            </TextLine>
            <TextLine id="tr_1761663000_tl_28" custom="readingOrder {index:27;}">
                <Coords points="182,1653 1203,1647 1203,1697 182,1703"/>
                <Baseline points="182,1698 217,1698 262,1698 307,1695 352,1698 397,1698 441,1695 486,1695 531,1695 576,1695 620,1695 665,1695 710,1695 755,1695 800,1695 844,1695 889,1695 934,1695 979,1695 1024,1692 1068,1692 1113,1692 1158,1692 1203,1692"/>
                <TextEquiv>
                    <Unicode>tajo. Mas vió bien que la sangre brotaba¬</Unicode>
                </TextEquiv>
            </TextLine>
            <TextLine id="tr_1761663000_tl_29" custom="readingOrder {index:28;}">
                <Coords points="176,1710 1203,1698 1203,1748 176,1760"/>
                <Baseline points="176,1755 217,1752 262,1752 307,1752 352,1749 397,1749 441,1749 486,1749 531,1752 576,1752 620,1752 665,1752 710,1752 755,1749 800,1749 844,1749 889,1749 934,1749 979,1749 1024,1746 1068,1746 1113,1743 1158,1743 1203,1743"/>
                <TextEquiv>
                    <Unicode>de nuevo y comprendió con júbilo que su</Unicode>
                </TextEquiv>
            </TextLine>
            <TextLine id="tr_1761663000_tl_30" custom="readingOrder {index:29;}">
                <Coords points="182,1764 1197,1749 1197,1799 1107,1805 182,1814"/>
                <Baseline points="182,1809 211,1806 256,1806 301,1806 346,1806 391,1806 435,1806 480,1806 525,1806 570,1809 615,1806 659,1806 704,1806 749,1806 794,1806 838,1806 883,1803 928,1803 973,1803 1018,1800 1062,1800 1107,1800 1152,1797 1197,1794"/>
                <TextEquiv>
                    <Unicode>novio vivía aún, y se apresuró a refrescar¬</Unicode>
                </TextEquiv>
            </TextLine>
            <TextLine id="tr_1761663000_tl_31" custom="readingOrder {index:30;}">
                <Coords points="173,1814 1206,1806 1206,1856 1161,1859 173,1864"/>
                <Baseline points="173,1859 176,1859 220,1859 265,1862 310,1859 355,1862 400,1859 444,1859 489,1859 534,1862 579,1862 623,1859 668,1859 713,1859 758,1859 803,1859 847,1857 892,1857 937,1857 982,1857 1027,1857 1071,1857 1116,1854 1161,1854 1206,1851"/>
                <TextEquiv>
                    <Unicode>le los labios, y a enjugarle y vendarle las</Unicode>
                </TextEquiv>
            </TextLine>
            <TextLine id="tr_1761663000_tl_32" custom="readingOrder {index:31;}">
                <Coords points="173,1868 1203,1865 1203,1915 173,1918"/>
                <Baseline points="173,1913 217,1916 262,1916 307,1916 352,1913 397,1913 441,1913 486,1916 531,1916 576,1916 620,1916 665,1916 710,1913 755,1910 800,1913 844,1910 889,1910 934,1910 979,1910 1024,1910 1068,1910 1113,1910 1158,1910 1203,1910"/>
                <TextEquiv>
                    <Unicode>heridas con las hilas y el pañuelo. Enton¬</Unicode>
                </TextEquiv>
            </TextLine>
            <TextLine id="tr_1761663000_tl_33" custom="readingOrder {index:32;}">
                <Coords points="182,1925 1203,1916 1203,1966 182,1975"/>
                <Baseline points="182,1970 217,1970 262,1973 307,1970 352,1970 397,1967 441,1967 486,1967 531,1970 576,1967 620,1967 665,1967 710,1967 755,1967 800,1964 844,1964 889,1961 934,1961 979,1961 1024,1964 1068,1964 1113,1964 1158,1961 1203,1961"/>
                <TextEquiv>
                    <Unicode>ces él exhaló un suspiro, y ovendo pronun¬</Unicode>
                </TextEquiv>
            </TextLine>
            <TextLine id="tr_1761663000_tl_34" custom="readingOrder {index:33;}">
                <Coords points="176,1979 1194,1967 1194,2017 1149,2020 176,2029"/>
                <Baseline points="176,2024 208,2024 253,2024 298,2024 343,2024 388,2024 432,2024 477,2024 522,2021 567,2021 612,2024 656,2024 701,2021 746,2021 791,2021 835,2018 880,2018 925,2015 970,2018 1015,2015 1059,2015 1104,2012 1149,2015 1194,2012"/>
                <TextEquiv>
                    <Unicode>ciar su nombre, empezó a agitar sus ma¬</Unicode>
                </TextEquiv>
            </TextLine>
            <TextLine id="tr_1761663000_tl_35" custom="readingOrder {index:34;}">
                <Coords points="179,2032 1203,2029 1203,2079 179,2082"/>
                <Baseline points="179,2077 217,2077 262,2077 307,2077 352,2077 397,2077 441,2077 486,2074 531,2077 576,2071 620,2074 665,2074 710,2074 755,2074 800,2071 844,2071 889,2071 934,2071 979,2071 1024,2068 1068,2071 1113,2068 1158,2071 1203,2074"/>
                <TextEquiv>
                    <Unicode>nos en el aire y á acariciar lacara á Pauna.</Unicode>
                </TextEquiv>
            </TextLine>
            <TextLine id="tr_1761663000_tl_36" custom="readingOrder {index:35;}">
                <Coords points="277,2089 1203,2080 1203,2130 277,2139"/>
                <Baseline points="277,2134 307,2131 352,2134 397,2131 441,2131 486,2131 531,2131 576,2131 620,2131 665,2128 710,2128 755,2128 800,2128 844,2128 889,2125 934,2125 979,2122 1024,2122 1068,2122 1113,2122 1158,2122 1203,2125"/>
                <TextEquiv>
                    <Unicode>Miquerida Pauna—díjole con un débil</Unicode>
                </TextEquiv>
            </TextLine>
            <TextEquiv>
                <Unicode></Unicode>
            </TextEquiv>
        </TextRegion>
        <TextRegion id="tr_1761663001" custom="readingOrder {index:3;}">
            <Coords points="1195,160 2331,160 2331,531 1195,531"/>
            <TextLine id="tr_1761663001_tl_1" custom="readingOrder {index:0;}">
                <Coords points="1238,172 2280,166 2280,216 1238,222"/>
                <Baseline points="1238,217 1250,217 1295,220 1340,220 1385,217 1430,217 1474,217 1519,214 1564,217 1609,217 1653,217 1698,217 1743,214 1788,214 1833,214 1877,211 1922,211 1967,211 2012,211 2057,208 2101,208 2146,208 2191,208 2236,206 2280,211"/>
                <TextEquiv>
                    <Unicode>hilo de voz.—déjame morir, estoy ciego; ya</Unicode>
                </TextEquiv>
            </TextLine>
            <TextLine id="tr_1761663001_tl_2" custom="readingOrder {index:1;}">
                <Coords points="1241,229 1848,220 1848,270 1241,279"/>
                <Baseline points="1241,274 1265,274 1310,277 1355,274 1400,271 1444,274 1489,274 1534,274 1579,271 1624,271 1668,271 1713,268 1758,265 1803,268 1848,265"/>
                <TextEquiv>
                    <Unicode>no soy nada en la tierra.</Unicode>
                </TextEquiv>
            </TextLine>
            <TextLine id="tr_1761663001_tl_3" custom="readingOrder {index:2;}">
                <Coords points="1322,274 2283,268 2283,318 1322,324"/>
                <Baseline points="1322,319 1343,322 1388,328 1433,328 1477,331 1522,325 1567,325 1612,325 1656,325 1701,325 1746,322 1791,322 1836,319 1880,322 1925,322 1970,322 2015,319 2060,319 2104,316 2149,316 2194,313 2239,313 2283,313"/>
                <TextEquiv>
                    <Unicode>Si sí—gritó Pauna—eres mi prometido</Unicode>
                </TextEquiv>
            </TextLine>
            <TextLine id="tr_1761663001_tl_4" custom="readingOrder {index:3;}">
                <Coords points="1256,343 2280,322 2280,372 1256,393"/>
                <Baseline points="1256,388 1295,388 1340,382 1385,382 1430,382 1474,382 1519,382 1564,382 1609,382 1653,379 1698,379 1743,376 1788,379 1833,379 1877,376 1922,373 1967,373 2012,373 2057,373 2101,373 2146,370 2191,370 2236,367 2280,367"/>
                <TextEquiv>
                    <Unicode>y si Dios quiere, oh amado mío, dentro de</Unicode>
                </TextEquiv>
            </TextLine>
            <TextLine id="tr_1761663001_tl_5" custom="readingOrder {index:4;}">
                <Coords points="1253,399 2286,378 2286,428 1253,449"/>
                <Baseline points="1253,444 1256,444 1301,438 1346,438 1391,435 1436,435 1480,438 1525,438 1570,435 1615,435 1659,432 1704,432 1749,432 1794,432 1839,432 1883,432 1928,429 1973,429 2018,429 2063,426 2107,426 2152,426 2197,426 2242,423 2286,423"/>
                <TextEquiv>
                    <Unicode>poco serás mi esposo. Pero por ahora</Unicode>
                </TextEquiv>
            </TextLine>
            <TextLine id="tr_1761663001_tl_6" custom="readingOrder {index:5;}">
                <Coords points="1247,450 1519,453 1519,503 1247,500"/>
                <Baseline points="1247,495 1292,492 1337,492 1382,492 1427,492 1471,492 1516,498 1519,498"/>
                <TextEquiv>
                    <Unicode>calla, calla,</Unicode>
                </TextEquiv>
            </TextLine>
            <TextEquiv>
                <Unicode></Unicode>
            </TextEquiv>
        </TextRegion>
        <TextRegion id="tr_1761663004" custom="readingOrder {index:4;}">
            <Coords points="1266,515 2284,515 2284,597 1266,597"/>
            <TextLine id="tr_1761663004_tl_1" custom="readingOrder {index:0;}">
                <Coords points="1722,522 1812,522 1812,572 1722,572"/>
                <Baseline points="1722,567 1767,567 1812,567"/>
                <TextEquiv>
                    <Unicode>III</Unicode>
                </TextEquiv>
            </TextLine>
            <TextEquiv>
                <Unicode></Unicode>
            </TextEquiv>
        </TextRegion>
        <TextRegion id="tr_1761662999" custom="readingOrder {index:5;}">
            <Coords points="1226,561 2349,561 2349,2181 1226,2181"/>
            <TextLine id="tr_1761662999_tl_1" custom="readingOrder {index:0;}">
                <Coords points="1295,608 2277,593 2277,643 2233,646 1295,658"/>
                <Baseline points="1295,653 1337,653 1382,656 1427,653 1471,653 1516,653 1561,653 1606,653 1650,653 1695,650 1740,647 1785,647 1830,647 1874,647 1919,647 1964,647 2009,647 2054,644 2098,644 2143,644 2188,641 2233,641 2277,638"/>
                <TextEquiv>
                    <Unicode>Han transcurrido muchas semanas des¬</Unicode>
                </TextEquiv>
            </TextLine>
            <TextLine id="tr_1761662999_tl_2" custom="readingOrder {index:1;}">
                <Coords points="1253,671 2286,653 2286,703 1253,721"/>
                <Baseline points="1253,716 1256,716 1301,710 1346,710 1391,710 1436,710 1480,710 1525,710 1570,707 1615,707 1659,707 1704,707 1749,704 1794,704 1839,704 1883,701 1928,701 1973,701 2018,701 2063,698 2107,698 2152,695 2197,698 2242,695 2286,698"/>
                <TextEquiv>
                    <Unicode>pués de aquella alborada; y durante todo</Unicode>
                </TextEquiv>
            </TextLine>
            <TextLine id="tr_1761662999_tl_3" custom="readingOrder {index:2;}">
                <Coords points="1247,716 2292,707 2292,757 1247,766"/>
                <Baseline points="1247,761 1262,764 1307,764 1352,764 1397,764 1442,764 1486,764 1531,761 1576,761 1621,761 1665,761 1710,761 1755,758 1800,758 1845,758 1889,758 1934,755 1979,755 2024,755 2068,755 2113,755 2158,752 2203,752 2248,752 2292,752"/>
                <TextEquiv>
                    <Unicode>ese tiempo. Pauna ha velado día y noche a</Unicode>
                </TextEquiv>
            </TextLine>
            <TextLine id="tr_1761662999_tl_4" custom="readingOrder {index:3;}">
                <Coords points="1247,773 2289,758 2289,808 2245,811 1247,823"/>
                <Baseline points="1247,818 1259,818 1304,818 1349,818 1394,818 1439,815 1483,818 1528,815 1573,815 1618,815 1662,812 1707,815 1752,815 1797,812 1842,815 1886,812 1931,812 1976,812 2021,812 2065,812 2110,806 2155,809 2200,806 2245,806 2289,803"/>
                <TextEquiv>
                    <Unicode>la cabecera de la cama de Tannas y lo ha</Unicode>
                </TextEquiv>
            </TextLine>
            <TextLine id="tr_1761662999_tl_5" custom="readingOrder {index:4;}">
                <Coords points="1250,829 1931,820 1931,870 1250,879"/>
                <Baseline points="1250,874 1259,871 1304,874 1349,874 1394,874 1439,871 1483,871 1528,868 1573,868 1618,868 1662,868 1707,868 1752,865 1797,865 1842,865 1886,865 1931,865"/>
                <TextEquiv>
                    <Unicode>asistido sin cansarse nunca.</Unicode>
                </TextEquiv>
            </TextLine>
            <TextLine id="tr_1761662999_tl_6" custom="readingOrder {index:5;}">
                <Coords points="1301,877 2289,871 2289,921 1301,927"/>
                <Baseline points="1301,922 1304,925 1349,925 1394,925 1439,925 1483,925 1528,925 1573,925 1618,922 1662,922 1707,922 1752,922 1797,922 1842,922 1886,919 1931,919 1976,919 2021,919 2065,919 2110,919 2155,916 2200,916 2245,916 2289,916"/>
                <TextEquiv>
                    <Unicode>Ese día dos caminantes remontaban la</Unicode>
                </TextEquiv>
            </TextLine>
            <TextLine id="tr_1761662999_tl_7" custom="readingOrder {index:6;}">
                <Coords points="1247,937 2283,919 2283,969 2239,975 1247,987"/>
                <Baseline points="1247,982 1253,982 1298,982 1343,982 1388,982 1433,982 1477,982 1522,979 1567,979 1612,976 1656,979 1701,976 1746,976 1791,976 1836,976 1880,973 1925,973 1970,973 2015,973 2060,970 2104,973 2149,970 2194,970 2239,970 2283,964"/>
                <TextEquiv>
                    <Unicode>calle principal de la aldea: un ciego en¬</Unicode>
                </TextEquiv>
            </TextLine>
            <TextLine id="tr_1761662999_tl_8" custom="readingOrder {index:7;}">
                <Coords points="1256,990 2283,979 2283,1029 1256,1040"/>
                <Baseline points="1256,1035 1298,1035 1343,1035 1388,1032 1433,1035 1477,1032 1522,1035 1567,1035 1612,1032 1656,1032 1701,1032 1746,1030 1791,1030 1836,1030 1880,1027 1925,1027 1970,1027 2015,1030 2060,1027 2104,1027 2149,1024 2194,1024 2239,1024 2283,1024"/>
                <TextEquiv>
                    <Unicode>vuelto en una capa militar y con una con¬</Unicode>
                </TextEquiv>
            </TextLine>
            <TextLine id="tr_1761662999_tl_9" custom="readingOrder {index:8;}">
                <Coords points="1247,1044 2286,1029 2286,1079 2197,1085 1247,1094"/>
                <Baseline points="1247,1089 1256,1089 1301,1089 1346,1089 1391,1089 1436,1086 1480,1086 1525,1089 1570,1086 1615,1086 1659,1086 1704,1086 1749,1086 1794,1083 1839,1083 1883,1083 1928,1083 1973,1083 2018,1083 2063,1080 2107,1083 2152,1080 2197,1080 2242,1077 2286,1074"/>
                <TextEquiv>
                    <Unicode>decoración en el pecho, y una mujer que lo</Unicode>
                </TextEquiv>
            </TextLine>
            <TextLine id="tr_1761662999_tl_10" custom="readingOrder {index:9;}">
                <Coords points="1247,1107 2295,1089 2295,1139 1247,1157"/>
                <Baseline points="1247,1152 1265,1146 1310,1146 1355,1143 1400,1143 1444,1143 1489,1143 1534,1140 1579,1140 1624,1140 1668,1140 1713,1140 1758,1140 1803,1140 1848,1140 1892,1137 1937,1137 1982,1137 2027,1137 2071,1137 2116,1134 2161,1134 2206,1134 2251,1134 2295,1134"/>
                <TextEquiv>
                    <Unicode>guiaba con tierna solicitud, diciendo á</Unicode>
                </TextEquiv>
            </TextLine>
            <TextLine id="tr_1761662999_tl_11" custom="readingOrder {index:10;}">
                <Coords points="1250,1152 1818,1146 1818,1196 1250,1202"/>
                <Baseline points="1250,1197 1280,1197 1325,1197 1370,1197 1415,1197 1459,1197 1504,1197 1549,1194 1594,1194 1639,1194 1683,1194 1728,1194 1773,1191 1818,1191"/>
                <TextEquiv>
                    <Unicode>todos con sonrisa feliz:</Unicode>
                </TextEquiv>
            </TextLine>
            <TextLine id="tr_1761662999_tl_12" custom="readingOrder {index:11;}">
                <Coords points="1349,1205 2295,1202 2295,1252 1349,1255"/>
                <Baseline points="1349,1250 1355,1250 1400,1253 1444,1250 1489,1247 1534,1250 1579,1247 1624,1250 1668,1250 1713,1250 1758,1247 1803,1247 1848,1247 1892,1247 1937,1244 1982,1244 2027,1244 2071,1244 2116,1244 2161,1244 2206,1244 2251,1244 2295,1247"/>
                <TextEquiv>
                    <Unicode>Este es mi prometido; es un héroe,</Unicode>
                </TextEquiv>
            </TextLine>
            <TextLine id="tr_1761662999_tl_13" custom="readingOrder {index:12;}">
                <Coords points="1247,1262 1970,1256 1970,1306 1247,1312"/>
                <Baseline points="1247,1307 1253,1307 1298,1307 1343,1307 1388,1307 1433,1307 1477,1307 1522,1304 1567,1304 1612,1304 1656,1304 1701,1304 1746,1301 1791,1301 1836,1301 1880,1301 1925,1298 1970,1301"/>
                <TextEquiv>
                    <Unicode>lleva la señal sobre el pecho.</Unicode>
                </TextEquiv>
            </TextLine>
            <TextLine id="tr_1761662999_tl_14" custom="readingOrder {index:13;}">
                <Coords points="1328,1313 2286,1307 2286,1357 1328,1363"/>
                <Baseline points="1328,1358 1346,1358 1391,1358 1436,1358 1480,1361 1525,1361 1570,1361 1615,1361 1659,1361 1704,1358 1749,1358 1794,1358 1839,1358 1883,1355 1928,1355 1973,1352 2018,1355 2063,1355 2107,1355 2152,1355 2197,1352 2242,1352 2286,1352"/>
                <TextEquiv>
                    <Unicode>Y en la cara!—agregaba Tannas suspi¬</Unicode>
                </TextEquiv>
            </TextLine>
            <TextLine id="tr_1761662999_tl_15" custom="readingOrder {index:14;}">
                <Coords points="1250,1373 1412,1373 1412,1423 1250,1423"/>
                <Baseline points="1250,1418 1295,1415 1340,1418 1385,1415 1412,1418"/>
                <TextEquiv>
                    <Unicode>rando.</Unicode>
                </TextEquiv>
            </TextLine>
            <TextLine id="tr_1761662999_tl_16" custom="readingOrder {index:15;}">
                <Coords points="1304,1426 2289,1411 2289,1461 2200,1467 1304,1476"/>
                <Baseline points="1304,1471 1349,1468 1394,1468 1439,1468 1483,1471 1528,1468 1573,1468 1618,1468 1662,1465 1707,1465 1752,1468 1797,1465 1842,1465 1886,1465 1931,1465 1976,1462 2021,1462 2065,1462 2110,1462 2155,1462 2200,1462 2245,1459 2289,1456"/>
                <TextEquiv>
                    <Unicode>Nunca se celebró en la aldea más esplén¬</Unicode>
                </TextEquiv>
            </TextLine>
            <TextLine id="tr_1761662999_tl_17" custom="readingOrder {index:16;}">
                <Coords points="1250,1480 2295,1468 2295,1518 2251,1521 1250,1530"/>
                <Baseline points="1250,1525 1265,1525 1310,1525 1355,1525 1400,1525 1444,1525 1489,1525 1534,1525 1579,1525 1624,1525 1668,1522 1713,1522 1758,1522 1803,1522 1848,1519 1892,1519 1937,1519 1982,1519 2027,1516 2071,1516 2116,1516 2161,1516 2206,1513 2251,1516 2295,1513"/>
                <TextEquiv>
                    <Unicode>dida boda. La gente acudió de lejos y de</Unicode>
                </TextEquiv>
            </TextLine>
            <TextLine id="tr_1761662999_tl_18" custom="readingOrder {index:17;}">
                <Coords points="1250,1534 2286,1522 2286,1572 2242,1575 1250,1584"/>
                <Baseline points="1250,1579 1256,1579 1301,1576 1346,1579 1391,1582 1436,1579 1480,1579 1525,1576 1570,1576 1615,1579 1659,1576 1704,1576 1749,1573 1794,1573 1839,1573 1883,1573 1928,1573 1973,1573 2018,1573 2063,1573 2107,1573 2152,1570 2197,1570 2242,1570 2286,1567"/>
                <TextEquiv>
                    <Unicode>cerca, para compadecer á la hermosa Pan¬</Unicode>
                </TextEquiv>
            </TextLine>
            <TextLine id="tr_1761662999_tl_19" custom="readingOrder {index:18;}">
                <Coords points="1256,1588 2295,1579 2295,1629 1256,1638"/>
                <Baseline points="1256,1633 1265,1633 1310,1636 1355,1636 1400,1636 1444,1636 1489,1633 1534,1633 1579,1630 1624,1630 1668,1633 1713,1630 1758,1630 1803,1630 1848,1630 1892,1627 1937,1627 1982,1627 2027,1627 2071,1624 2116,1627 2161,1627 2206,1624 2251,1624 2295,1624"/>
                <TextEquiv>
                    <Unicode>na, al lado del ciego. Pero ella decíale a</Unicode>
                </TextEquiv>
            </TextLine>
            <TextLine id="tr_1761662999_tl_20" custom="readingOrder {index:19;}">
                <Coords points="1259,1644 2068,1638 2068,1688 1259,1694"/>
                <Baseline points="1259,1689 1262,1686 1307,1686 1352,1689 1397,1689 1442,1689 1486,1686 1531,1686 1576,1683 1621,1683 1665,1686 1710,1686 1755,1683 1800,1683 1845,1680 1889,1680 1934,1680 1979,1680 2024,1680 2068,1683"/>
                <TextEquiv>
                    <Unicode>todos con la sonrisa en los labios:</Unicode>
                </TextEquiv>
            </TextLine>
            <TextLine id="tr_1761662999_tl_21" custom="readingOrder {index:20;}">
                <Coords points="1358,1701 2289,1686 2289,1736 1358,1751"/>
                <Baseline points="1358,1746 1394,1743 1439,1743 1483,1743 1528,1743 1573,1740 1618,1743 1662,1737 1707,1740 1752,1740 1797,1740 1842,1737 1886,1737 1931,1737 1976,1737 2021,1734 2065,1734 2110,1734 2155,1734 2200,1734 2245,1731 2289,1731"/>
                <TextEquiv>
                    <Unicode>¿Qué mayor honra? ¡Tengo un héroe</Unicode>
                </TextEquiv>
            </TextLine>
            <TextLine id="tr_1761662999_tl_22" custom="readingOrder {index:21;}">
                <Coords points="1253,1758 2286,1749 2286,1799 1253,1808"/>
                <Baseline points="1253,1803 1256,1803 1301,1797 1346,1797 1391,1800 1436,1797 1480,1800 1525,1797 1570,1797 1615,1797 1659,1794 1704,1794 1749,1794 1794,1794 1839,1791 1883,1791 1928,1791 1973,1788 2018,1791 2063,1788 2107,1788 2152,1791 2197,1791 2242,1794 2286,1794"/>
                <TextEquiv>
                    <Unicode>por marido, y gracias á Dios, soy sana y</Unicode>
                </TextEquiv>
            </TextLine>
            <TextLine id="tr_1761662999_tl_23" custom="readingOrder {index:22;}">
                <Coords points="1253,1806 2086,1800 2086,1850 1253,1856"/>
                <Baseline points="1253,1851 1280,1851 1325,1851 1370,1851 1415,1851 1459,1854 1504,1854 1549,1851 1594,1851 1639,1848 1683,1845 1728,1848 1773,1848 1818,1845 1862,1845 1907,1842 1952,1842 1997,1842 2042,1842 2086,1845"/>
                <TextEquiv>
                    <Unicode>robusta y puedo trabajar por dos!</Unicode>
                </TextEquiv>
            </TextLine>
            <TextLine id="tr_1761662999_tl_24" custom="readingOrder {index:23;}">
                <Coords points="1307,1859 2292,1853 2292,1903 1307,1909"/>
                <Baseline points="1307,1904 1352,1904 1397,1904 1442,1904 1486,1904 1531,1904 1576,1904 1621,1904 1665,1901 1710,1898 1755,1898 1800,1898 1845,1898 1889,1898 1934,1895 1979,1895 2024,1895 2068,1898 2113,1898 2158,1898 2203,1898 2248,1898 2292,1898"/>
                <TextEquiv>
                    <Unicode>La montaña que se vió arder fué llama¬</Unicode>
                </TextEquiv>
            </TextLine>
            <TextLine id="tr_1761662999_tl_25" custom="readingOrder {index:24;}">
                <Coords points="1253,1913 2298,1907 2298,1957 1253,1963"/>
                <Baseline points="1253,1958 1268,1958 1313,1958 1358,1958 1403,1958 1447,1955 1492,1955 1537,1955 1582,1955 1627,1955 1671,1952 1716,1955 1761,1952 1806,1952 1851,1952 1895,1952 1940,1952 1985,1952 2030,1952 2074,1952 2119,1952 2164,1955 2209,1955 2254,1952 2298,1952"/>
                <TextEquiv>
                    <Unicode>da desde entonces PEDRA ARDIDA, y los</Unicode>
                </TextEquiv>
            </TextLine>
            <TextLine id="tr_1761662999_tl_26" custom="readingOrder {index:25;}">
                <Coords points="1253,1970 2298,1961 2298,2011 1253,2020"/>
                <Baseline points="1253,2015 1268,2015 1313,2012 1358,2012 1403,2009 1447,2009 1492,2009 1537,2009 1582,2009 1627,2009 1671,2009 1716,2006 1761,2009 1806,2006 1851,2006 1895,2006 1940,2006 1985,2003 2030,2006 2074,2009 2119,2006 2164,2009 2209,2006 2254,2006 2298,2006"/>
                <TextEquiv>
                    <Unicode>cazadores de gamuzas juraron al día si¬</Unicode>
                </TextEquiv>
            </TextLine>
            <TextLine id="tr_1761662999_tl_27" custom="readingOrder {index:26;}">
                <Coords points="1259,2029 2301,2009 2301,2059 2257,2062 1259,2079"/>
                <Baseline points="1259,2074 1271,2074 1316,2068 1361,2063 1406,2065 1450,2063 1495,2063 1540,2063 1585,2063 1630,2063 1674,2060 1719,2063 1764,2060 1809,2060 1854,2060 1898,2060 1943,2060 1988,2060 2033,2060 2077,2063 2122,2060 2167,2063 2212,2057 2257,2057 2301,2054"/>
                <TextEquiv>
                    <Unicode>guiente del suceso, habían hallado las ro¬</Unicode>
                </TextEquiv>
            </TextLine>
            <TextLine id="tr_1761662999_tl_28" custom="readingOrder {index:27;}">
                <Coords points="1262,2077 2000,2074 2000,2124 1262,2127"/>
                <Baseline points="1262,2122 1283,2122 1328,2119 1373,2119 1418,2122 1462,2122 1507,2119 1552,2119 1597,2119 1642,2119 1686,2119 1731,2119 1776,2116 1821,2116 1865,2116 1910,2116 1955,2116 2000,2119"/>
                <TextEquiv>
                    <Unicode>cas completamente calcinadas.</Unicode>
                </TextEquiv>
            </TextLine>
            <TextEquiv>
                <Unicode></Unicode>
            </TextEquiv>
        </TextRegion>
    </Page>
</PcGts>
