2479 3508
217 110 423 160 Página
1949 98 2209 151 Fémina
531 229 1892 291 La Enfermedad de Amar.
949 340 1477 393 Por JOSE INGENIEROS.
179 575 1197 634 absolutamente inseparables. Amar es te¬
179 629 1194 688 mor. El amado teme á su amada como el
179 689 1191 742 albino teme á la luz; el amor ciega como el
182 743 1194 796 albinismo. La teme por sí y por ella.
185 790 1203 849 Teme por ser inferior el concepto en que
179 844 1200 900 desearía ser tenido, no responder al juicio
188 895 1206 954 en que se le estima, romper el propio en¬
188 952 1200 1005 sueño con una palabra importuna, con un
179 1005 1200 1061 atrevimiento imprevisor, con un ge sto
191 1053 1209 1115 brusco. La pasión ciega es niebla que
188 1113 1203 1166 empaña, tul que mitiga, respirador que
185 1161 1203 1217 deslumbra; idealiza, las cosas borrando sus
191 1217 1197 1267 contornos las esfuma en penumbras de
185 1268 1197 1324 imaginación, las fragiliza en demasía. En
188 1322 1203 1378 el espíritu ebrio de emociones, la persona
185 1376 1203 1432 amada parece el pólem de una flor endeble
185 1423 1206 1485 que toda leve aura puede volcar para siem¬
194 1480 1197 1545 pre: caja musical complicadísima cuyo en¬
188 1534 1200 1596 granaje trabaría un invisible átomo de
206 1591 1206 1644 polvo; telaraña sentimental que se quiebra
194 1635 1194 1700 al calor de toda llama; seda suave de Es
191 1695 1200 1754 mirna que una gota de rocío mancha por
197 1752 561 1805 toda eternidad.
247 1800 1212 1859 Amar es sufrir agradablemente, el gozar
191 1853 1209 1909 de una ansiedad perenne, de un sobresalto
194 1907 1209 1963 interrumpido. Es mirar al objeto amado
203 1964 1209 2020 y suponer que las miradas pueden ajarlo,
197 2015 1212 2068 tocar su mano temblorosamente, con la
197 2068 1203 2124 inquietud de que sus dedos puedan rasque
197 2116 1203 2175 brajarse entre los propios, oir hablar te¬
197 2173 1206 2232 miendo que el esfuerzo de las palabras
200 2229 683 2285 enmudezca su labio.
250 2277 1218 2336 El que ama llora a solas sin saber por
197 2337 1062 2390 qué es un esclavo del propio miedo.
250 2385 1212 2444 Hombres audaces con otras cien mujeres.
197 2438 1209 2497 se espantan cierto día frente á una. El
200 2489 1212 2548 fenomeno parece extraño. Cómo? El más
197 2540 1212 2599 osado, el más impertinente, el más afortu¬
203 2594 1218 2656 nado, tiembla ante esa mujer. Es parado¬
203 2653 1224 2718 jal, pero lógico. El hombre que sabe
197 2701 1221 2760 engañar á mil casquivanas sin amarlas es
203 2761 1221 2814 incapaz de conquistar á la única que ama.
208 2809 1218 2865 Cuando se atreve,—si alguna vez lo ensa¬
208 2862 1224 2927 ya.—se limita á ofrecer su esclavitud in¬
203 2919 1218 2975 condicional. Es la historia eterna: Don
203 2970 1227 3032 Juan se arroja humildemente á las plantas
206 3024 1233 3083 de doña Inés anhelando la esclavitud de
206 3074 1221 3139 su amor. Huelga decir que cualquier
1241 522 2254 575 Manón hace lo mismo con su caballero
1244 578 1543 631 Des Criones.
1292 629 2254 679 En todo conquistador y en toda coqueta
1241 680 2254 733 hay un germen de don Juan o de Manón.
1298 731 2254 784 Ovidio y Petrarca sabían que el hombre.
1244 787 2251 840 enamorado no es un ser normal. Stendhal
1241 838 2257 894 lo repitió. Ahora lo enseñan los médicos
1241 892 2254 948 del espíritu, desde Mauricio de Fleur hasta
1253 946 1650 999 Gastón Danville.
1307 993 2257 1052 El cerebro repudia las ilusiones: un ce¬
1244 1053 2254 1106 rebro enamorado piensa á través de ellas.
1256 1101 2254 1160 Toda ilusión da un proceso anormal, pro¬
1250 1155 2254 1214 ducto de una perturbación que impide
1247 1208 2257 1264 asociar debidamente las sensaciones á las
1247 1262 2257 1318 ideas. Ver lo negro blanco y lo blanco
1253 1319 1982 1372 negro es propio de quien ama.
1307 1370 2260 1426 El espectro de la ilusión posee una gama
1247 1423 2260 1476 completa. Todo amor poetiza su objeto:
1256 1468 2254 1539 poetizar significa revestir de gratas menti¬
1256 1525 2257 1587 ras. Cualquiera niña cree que su novio
1253 1576 2257 1635 tiene talento, búen porte, fortuna, virtu¬
1253 1629 2257 1688 des a granel y porvenir risueño, magúer
1253 1686 2266 1742 sea zote, cojo, pobre, vicioso y vagabundo.
1259 1740 2266 1796 Y todo galán afirmará que su prometida
1268 1788 2257 1853 posee el don divino de la gracia, ojos de
1265 1844 2263 1900 ebonita o de zafiro, perfil helénico, y labios
1256 1901 1794 1966 pálidos por la anemia.
1313 1952 2269 2008 No es menester mucha psicología para
1253 2009 2260 2065 adivinar que esos juicios son anormales y
1262 2056 2266 2124 provienen de una lógica enfermiza: la fa¬
1262 2110 2266 2172 cultad de juzgar está reducida á cero o
1271 2158 2269 2229 poco menos. Por ende no se exagera afir¬
1259 2215 2266 2276 mando que los enamorados son enfermos
1259 2271 2098 2327 del espíritu mientras dura su amor,
1316 2319 2263 2378 Otras perturbaciones más graves se oba¬
1265 2373 2271 2435 servan en ellos, aproximando su amor á la
1268 2424 2266 2488 locura: la obsesión y la idea fija, cuyas de¬
1265 2477 2266 2539 finiciones incompletas pueden leerse en los
1259 2537 1952 2593 tratados de patología mental.
1316 2588 2266 2650 Los enamorados tienen la idea fija de su
1265 2636 2269 2700 amor las sensaciones recibidas por su cere¬
1268 2695 2266 2754 bro se asocian con otras que se refieren á
1271 2746 2263 2805 la persona amada. Si ve un hermoso jar¬
1265 2800 2269 2859 dín, sueña un idilio. pastoral; si ove un
1265 2850 2271 2912 rumor de alas entre las ramas supone que
1265 2904 2269 2966 los pájaros se aman y desearía aletear
1265 2955 2274 3020 como ellos; si su manjar sabe a miel, cree
1265 3012 2266 3074 tener entre los propios los otros labios y
1268 3062 2271 3130 morderlos como ciruelas maduras; si toca.
