2479 3508
185 62 453 112 Fémina
2009 44 2224 97 Página 6
137 158 1179 216 un terciopelo, recuerda la mano cuyo con¬
137 211 1170 267 tacto erisa sus nervios con inefable calo¬
140 265 1179 324 frío; todo perfume despierta una compara¬
146 325 1170 381 ción con el que de ella emana. Si ve el
149 369 1176 434 mar de indigo o de ultramarino, recons¬
146 432 1170 491 truve un paseo romántico en barquilla,
146 483 1170 542 como en un verso de Musset: en un retazo
146 540 1179 599 de cielo, cree descubrir el paradero de sus
143 599 1179 649 ojos, en la titilación de las estrellas, como
152 647 1182 703 en una canción de Petrarca; en un bosque
143 707 1179 763 silencioso, supone que en traje agreste de
149 767 1200 820 ninfa va a salir de una evocación de
1576 175 2269 231 Todo breve ruido semeja un
1224 181 1534 234 Pierre Lous.
1227 226 2269 291 beso, toda una caricia. El cerebro del
1233 280 2263 345 amante es un plano en el cual todas las
1230 334 2263 396 teclas golpean sobre una nota. Sus pala¬
1230 390 2266 452 bras rematan siempre en el mismo tema, su
1230 447 2269 506 conversación es una interminable estrofa
1230 501 2271 560 de versos monorritmos. Como á Dante en
1230 552 2274 617 la llevenda griega, Pan le ha enseñado á
1227 608 2269 670 frasear sus soplos en una siringa de pa¬
1233 659 2274 724 sión cuyas cañas suenan perfectamente
1236 719 2248 781 diciendo la historia de Psiquis y de Amor.
158 2779 1648 2835 sones de la Naturaleza, motriz del misterio diosa Esperanza!
155 2833 1194 2886 de la Vida, se acallan; cuando los ruidos de
164 2886 2286 2939 las ciudades, del movimiento y actividad bras! Símbolo profundo, que ata lo finito
161 2940 1561 2993 urbanos, aún no han comenzado el himno á lo infinito!
158 2997 1206 3050 del trabajo: cuando la Luz victoriosa de
155 3050 2283 3103 las sombras lucha y triunfa; y es un cánti¬ lanza á la faz de los filósofos escépticos, de
158 3107 2179 3160 co glorioso que se alza en alas de la evolu¬ los que sólo vierten negras amarguras!
208 2725 2283 2775 Hay una hora suprema. Cuando los mil ción, hácia el trono siempre riente de la
1292 2833 2277 2883 Ah! el triunfo de la luz sobre las som¬
1295 2994 2283 3047 Es uno como mentís que la diosa Natura
967 1023 1477 1076 Piedad.
677 1208 1761 1258 Pero Señor! Tu vas a consentir que eternamente,
635 1250 1471 1306 El mundo siga siendo un cos doliente?
635 1295 1531 1351 Un cos mas tenebroso que el del Dante?
635 1340 1495 1399 Un cos mas misterioso y repugnante?
677 1441 1576 1497 Vas á convertir gran Dios, que los Judas
632 1489 1334 1542 sean adorados como los Budhas?
632 1537 1280 1587 Vas a consentir que la tierra
632 1579 1334 1635 sea un brutal campo de guerra?
680 1674 1653 1727 Un comercio Judaico de carne y de pasiones!
644 1722 1543 1778 Un comercio de Panzas, con carne de Pan!
647 1770 1301 1826 Un Jigante e invisible asesino!
680 1856 1761 1909 Que nos hiere friamente, á la vuelta de un camino!
632 1901 1716 1960 Vas a consentir, que la charca inmensa y de lodo
635 1949 1406 2005 No sea por tu poder purificada?
1101 1101 1606 1160 De A. ESTEVEZ CAOS.
1298 2122 1797 2175 B. PORTELA ALVAREZ
680 2203 1218 2256 Santo Domingo de 1922.
1331 2050 1752 2103 Por la traducción.
812 2459 1618 2515 LA AURORA.
1456 2561 1925 2617 AJUAN A. de LORA.
