2479 3508
229 107 450 166 Página?
1970 98 2230 151 Fémina
253 211 1209 267 Mirad, tras breve lucha, cómo se esfuma
191 262 1209 315 el sombrío capuz de la funesta Noche; se
188 313 1212 372 deshace en girones de negrura oscureciendo
194 369 1209 425 el brillar de las estrellas, para dar paso á
191 426 901 479 la incipiente claridad del día.
244 471 1209 530 Miradla Ya viene. El cielo se tiñe de tin¬
194 525 1209 581 tas fantásticas; se decora de mudables ro¬
206 575 1212 637 pajes en que abundan los polícromos tonos
191 629 1215 691 del rosado, con efectos de amarillo y de
206 689 788 742 violeta sobre fondo azul.
253 740 1212 796 El hemisferio parece despertar. Abre los
1250 208 1815 258 ojos, se despereza y ríe
1307 253 2269 309 Es el Sol que asoma su esfera de oro por
1250 307 2021 366 los lejanos confines del Oriente!
1304 358 2269 417 Es el triunfo del Bien sobre el Mal; es
1250 408 2271 467 el Féni de la vida que renace. Es la trom¬
1262 462 2269 530 pa del aliento que resuena al frente de los
1253 522 1707 575 héroes luchadores.
1310 570 2271 625 Es la Libertad; la bella Resurrección
1259 629 1564 682 consoladora!
1746 737 2239 790 Pedro M. Archambauit.
259 1211 1221 1267 En el parque antiguo, la luz de la luna
206 1262 1221 1321 envuelve en un velo de plata el terciopelo
206 1316 1224 1375 del césped y el ramaje de las acacias en
208 1376 313 1432 flor.
262 1417 1238 1482 En las avenidas que guardan cariñosa¬
206 1468 1227 1533 mente las huellas de los tacones rojos, se
206 1528 1227 1584 encuentran las armas de Harpagón y de
208 1591 423 1641 Ronsard.
262 1629 1221 1691 El ayaro sueño enserrar en su viejo ar¬
211 1686 1230 1742 cón el velo de plata, y el poeta evoca el
208 1740 1233 1802 ritmo gentil de las pavanas y los gestos
211 1800 865 1850 graciosos de las marquesas.
265 1850 1122 1906 Y este fué el coloquio de sus almas.
316 1898 1224 1960 Tengo—dice Harpagón—joh triste poe
211 1955 1224 2005 tal, un tesoro infinito. Gozo largamente
211 2003 1230 2062 cuando mi cuerpo se oculta bajo las mone¬
214 2062 1227 2118 das, y gozo el extasis cuando imagino los
217 2113 1233 2178 placeres y el poder que poseo; y me río de
214 2164 1218 2223 los ricos modernos que truecan estas volup¬
214 2218 1227 2279 tuosidades por la banalidad de sus pala¬
217 2277 1021 2330 cios de sus trajes y de sus sporis.
268 2325 1238 2384 —Es pobre tu tesoro, miserable avaro!
223 2379 1233 2438 Yo tengo la rubia cabellera de mi amada;
208 2430 1233 2491 sumerio en ella mis manos, mi rostro, mi¬
217 2486 1236 2545 alma, y mis ojos contemplan una floresta
220 2537 1233 2599 de oro un río de oro, una montaña de oro.
310 2588 1236 2647 Compré á un noble decaerido un bos¬
217 2644 1236 2706 que, donde duerme un lago que se dijera
220 2695 1230 2757 encantado. Sobre el agua glauca y silen¬
220 2746 1241 2808 ciosa, los cisnes, abiertos los castos abanicos
220 2800 1247 2862 de sus alas, parecen grandes flores sin ta¬
220 2853 1253 2918 llos, y los albos nelumbios recogen en los
223 2910 1241 2972 cálices sus canciones de muerte. Y nunca
220 2964 1238 3026 lo miro, porque las miradas pueden robar¬
1265 1202 1797 1258 le algo de su encanto.
1367 1250 2277 1309 Los ojos de mi amada son dos lagos de
1268 1310 2283 1366 turbadoras aguas azules de riberas violetas.
1268 1355 2283 1417 Bogan en ellos los orgullosos cisnes del en¬
1268 1414 2283 1470 sueño y florece un nelumbio virginal; su
1268 1471 1412 1521 alma.
1373 1519 2286 1572 A un rey en el destierro compré un
1271 1570 2292 1629 manto de púlpura, Mirarlo es sentir una
1271 1626 1674 1682 caricia deliciosa.
1364 1674 2292 1733 De la mas rica púrpura son los labios
1265 1731 2289 1787 de mi amada; y si la beso, las rosas de sus
1271 1788 2054 1844 mejillas afrentan el manto real.
1382 1835 2292 1891 Tengo un ánfora griega colmada de
1280 1892 2292 1945 vino de Chipre del q. se escanciara en la úl
1277 1937 2295 2002 tima fiesta venusina. El vino produce u¬
1277 1991 2289 2056 na dulce embriaguez y en el asa del ánfo¬
1277 2050 2221 2109 ra un mágico artista cinceló á Afrodita.
1364 2104 2295 2154 El perfume de mi amada en un divino
1280 2152 2295 2211 filtro que embruja y el ritmo de su cuerpo
1277 2206 2295 2268 emula á todas las ánforas y á la gloriosa
1277 2271 1465 2321 Helena.
1385 2313 2292 2366 Son mías todas las minas ocultas en la
1277 2367 2295 2426 tierra profunda, fuentes inagotables de
1286 2427 1665 2480 tristeza y dolor.
1382 2471 2304 2530 Mi alma es una mina y mi amada es
1280 2528 2298 2587 el minero que arranca de sus entrañas la
1283 2576 2295 2638 esmeralda, el rubí, el diamante de mi Ver¬
1292 2633 2304 2686 so; y piadosa los derrama por el mundo
1295 2689 2131 2751 para dicha de men ligos y de reves.
1331 2737 2215 2790 — Soñador solloza el avaro vencido.
1343 2785 2301 2847 Y las dos almas se esfuman en las ave¬
1283 2844 2298 2906 nidas del parque antiguo, que la luz de la
1289 2901 2119 2963 luna envuelve en un velo de plata.
1821 2961 2170 3011 Tulio M. Cestero.
800 1032 1686 1085 Paisaje de Luna,
