2479 3508
185 59 447 112 Femina
2030 50 2233 103 Página S
555 2310 958 2366 ALALUNA.
513 2164 1015 2217 UN SONETO
420 2232 1083 2282 DE CATORCE ACTORES
364 2427 1068 2480 Cándida luna que con luz serena
322 2471 1003 2527 del espacio los ambitos dominas
325 2519 982 2572 y el harizonte lóbrego iluminas
322 2564 1053 2620 de pompa, majestad y gloria llena!
364 2633 1041 2694 Sientes acaso la amorosa pena,
325 2686 1113 2739 y á la mansa piedad dulce te inclinas.
325 2731 1122 2781 y en busca de un amado te encaminas
322 2776 1101 2829 que a cterna desventura te condena?
364 2842 1113 2903 Parece que me escuchas, y parece,
322 2889 1152 2948 que en gloria y paz, amor y venturanza.
328 2934 955 2990 tibia, modesta, fugitiva Luna,
364 3006 1131 3068 tu faz en dulce lumbre resplandece,
328 3053 1110 3112 y ente el vago temor y la esperanza,
325 3098 1092 3157 constante dura sin mudanza alguna,
1283 2253 2110 2306 Este curioso soneto es de bastante,
1230 2298 2110 2351 mérito por haber sido compuesto hace
1236 2340 2116 2399 algunos años, tomando de las obras de
1241 2391 2113 2447 catorce altores distintos catorce versos.
1236 2438 2107 2491 que renidos riman maravillosamente y
1238 2483 2107 2533 dan a la composición un sentido perfecto.
1286 2528 2107 2581 El primer verso es de Herrera, el se¬
1238 2570 2104 2626 gundo, de Quintana el tercero de Satun¬
1236 2621 2116 2671 mino Martiez, el cuarto de Cadalso, el
1236 2659 2116 2715 quinto, de Ramón Palina, el sexto, de
1247 2707 2113 2760 Manuel Ariona, el septimo, de Lope de¬
1241 2749 2113 2808 ega el octavo, anonimo; el noveno, de
1244 2800 2116 2850 Francisco de la Torre el decimo de
1244 2847 2116 2900 Espronceda; el undécimo, de Zorrilla, el
1241 2889 2110 2945 duodécimo, de José Roldán el décimo¬
1247 2937 2119 2990 tercero, de Martínez de la Rosa, y el
1241 2982 1776 3038 decimocuarto de Luizán.
841 1937 1567 1996 LPREVEIL. Rodin,
