2479 3508
229 128 435 178 Página 2
1982 131 2239 184 Fémina
916 352 1561 414 NOCHE
907 456 1710 509 Para el Poeta Mario Caminero Sánchez.
773 540 1665 596 Es noche veraniega que encanta y diviniza
728 584 1722 643 Un tropel que se pierde de irradiaciones bellas.
737 629 1549 682 y el alma de la luna del cielo se desliza
731 671 1746 727 Como una serpertina de un carnaval de estrellas.
776 755 1662 817 Y por el mar desfilan, idílicas, veloces
773 805 1746 864 En marcha hacia la playa y disipando brumas.
728 853 1713 906 Al pa que el ocano prorrumpe en raras voces¬
740 895 1698 951 Vandadas de gariotas en carrozas de esumas.
770 985 1719 1035 Enioyan de esmeraldas los cocuyos, la noche:
728 1029 1722 1082 Forman un coro místico la brisa y las palmeras
734 1074 1743 1130 En tanto el mar nervioso palpita en su extensión.
776 1155 1722 1214 Y mientras el recuerdo aumenta su derroche
734 1208 1698 1258 Y el alma resignada se embriaga de quimeras.
725 1253 1582 1306 En un minuto vive un siglo el corazón.
1116 1370 1653 1420 JOSE MARTINEZ CONDE.
728 1459 1015 1509 Agosto-1922.
519 1794 1218 1847 SOLCCION a la carada No.—
579 1841 797 1891 A Lasconi¬
758 1922 988 1975 ALDAMA
558 2009 1044 2065 Es el alma lo inmortal,
513 2050 1131 2106 que alienta á todos los seres.
522 2098 1083 2151 y que suele en las mujeres
525 2140 976 2196 tener mucho de ideal¬
564 2185 970 2238 A la dama parisión
513 2229 982 2279 dicasal di kahin¬
519 2271 1056 2327 madama, son entiendo
522 2319 1167 2372 NAS ALDANA, ya comprendo
513 2361 1131 2414 ciudad principal, Muy bien
898 2438 1176 2488 MAGNOLIA.
680 2501 1041 2557 CHARADA N
516 2576 988 2632 La todo, tres cuaria es:
513 2618 966 2674 qué bien sa viva al
522 2665 1032 2718 la pina dos según la pi¬
522 2707 1071 2760 y á la dos cuatro, a lo es
519 2752 1050 2805 la para sigiendo asi¬
525 2797 1050 2850 y entonaré una vez y diez
516 2847 1221 2900 el prima dos primera que aprendi.
1304 2226 1770 2279 Tasito dice que ofrece
1301 2271 1734 2327 en esta rara ocasión
1301 2319 1797 2372 y precios de quemazón
1301 2361 1830 2414 todo lo que aquí apareco:
1286 2409 1800 2465 Adornos para vestidos.
1280 2453 1845 2512 Saten liberto escogidos
1286 2504 1830 2554 salatinas medias finas.
1274 2540 1779 2629 alabra hilo la pones
1301 2582 1862 2638 para en máquina y mano
1301 2633 1919 2686 pordar con humor muy sano,
1298 2671 1788 2721 kaawayo, buen bique¬
1304 2719 1868 2772 miles prendas masculinas.
1301 2758 1770 2817 surtido rico y variado
1301 2803 1842 2865 de cuelos, pantaloncillos,
1313 2853 1797 2906 finos finsas, camisillas:
895 2916 1173 2972 MAGNOLIA.
