2479 3508
173 98 441 151 Fémina
1985 80 2212 142 Página 10
438 294 1990 351 po at ito
403 1241 985 1294 La Pama, Habanera, Sport
409 1289 946 1339 que el hubo bará olvida
406 1333 799 1384 las penas del amo
179 1402 1173 1455 RODRICUEL MASTURII. Después de haber pasado
137 1450 1158 1500 una corta temporada en la Capital, han regresa¬
140 1498 1167 1548 do están al frente de su labor los estimados
137 1540 1170 1596 amigos nuestros, esposos Rodriguez—Masturi,
137 1588 1050 1641 directores de nuestro colega La Prensa
188 1626 1176 1682 Nos regocijamos de verles nuevamente entre
146 1677 343 1730 nosotros.
406 1746 1000 1802 ¡Muchachos, al Gran Bazar
403 1794 788 1847 de Teótilo Cara!
409 1841 991 1891 que tiene cosas muy raras
406 1886 859 1936 DE A. Si A
397 1925 853 1981 surtido un sin riyal
406 1973 964 2032 corte de moda, ino caras,
406 2023 901 2076 finas telas a comprar!
185 2092 1173 2148 DISTINGUIDA HUESPED.—Desde hace algunos días.
143 2137 1173 2190 se encuentra en esta ciudad, huésped de los
140 2179 1170 2238 distinguidos esposos Herrera Baez, la delicada
140 2224 1167 2285 y sugestiva flor del pensil capitaleño. Srta. (e¬
137 2271 1170 2327 no Baez, hermana política del Ledo. Porfirio.
146 2316 355 2366 Hor
179 2364 1173 2420 Deseámosle larga y grata permanencia en ésta
143 2453 1179 2509 radas las páginas de PEMINA con algunas de sus
152 2504 1170 2557 perlas literarias que sabemos guarda inditas.
328 2567 895 2623 Señores, me han dicho hoi
325 2618 850 2668 no se si ponerle comas
325 2659 835 2715 que el amigo Landesto
316 2704 883 2760 cual el cacique Enriquillo
277 2746 973 2808 se ha encaramado en las lomas
262 2794 776 2850 de Avenida Capotillo
316 2842 847 2894 que allí tiene una botica.
322 2886 853 2939 que considera el bolsillo.
322 2931 991 2990 que todo el que a el se acerca
322 2967 859 3032 si se siente quebrantado
322 3024 901 3080 tan buenas cosas la indica.
328 3071 826 3121 que sale de allí curado.
173 570 1173 625 BIENENIDA Después de haber pasado unos días
134 617 1170 670 en Puerto Rico, en vale de negocios, ha retor¬
134 659 1176 715 mado a esta ciudad el señor J. Barnett, elemento.
131 710 1164 766 de relieve de la Compaña de Mieles Dominicana.
167 761 495 811 Le saludamos.
409 820 841 876 Sin rival Tabacalera
409 871 892 924 la que gasta un capital
409 916 856 969 en solcita obseguir
403 964 847 1014 a sus favorecedores.
409 1005 877 1058 Cigarrillos exuisitos
400 1050 925 1106 que curais todos dolores
403 1095 946 1160 y que sois tan suavesitos
397 1196 913 1252 Cremas vamos á fumar,
149 2412 1218 2462 y que no se despida sin dejar adornadas y hon¬
1253 564 2245 620 Dr. ELMUDESI. El inteligente Dr. Antonio Elmu¬
1215 608 2248 667 desi hasido nombrado Catedrático de la Facul¬
1218 656 2098 712 tad de Medicina de nuestra Universidad.
1265 701 2251 757 Dados los triunfos que hace tiempo viene al¬
1212 743 2254 802 canzando tan competente dector, creemos que
1206 790 2257 846 este atinado nombramiento ha sido un triunto
1212 838 2060 900 para la Universidad de Santo Domingo¬
1385 910 1919 960 Café Apolo, Ariza Lopez
1391 955 2063 1011 loco están, que hasta las mesas
1394 1002 1901 1061 por la ventana echarán
1394 1044 1973 1100 en estas proximas pascuas
1391 1095 1955 1145 Helados vinos, manzanas.
1394 1143 1937 1193 lechon SabTOSAS DASAS.
1253 1217 2251 1273 Esimala Enferma.—Nuestra Redactora. Sra, de
1215 1262 2254 1318 Canino, ha sido llamada urgentemente a la Capi¬
1206 1310 2254 1366 tal, por encentrarse enferma de algún cuidado
1212 1358 1612 1411 su señora madre.
1253 1399 2251 1452 Rogamos á Dios por el pronto restablecimien¬
1218 1447 2254 1497 to de la estimable señora, y que pronto regrese
1218 1495 1925 1545 Feliz nuestra querida Redactora.
1301 1561 2260 1614 STABLECIDO.—Se encuentra ya completamente
1224 1608 2260 1664 restablecido del repentino quebranto que en
1218 1653 2260 1706 das pasados le obligó a guardar cama, nuestro
1221 1704 2057 1754 estimado amigo señor Ricardo Alvarez.
1259 1749 1916 1799 Lo que celebramos vivamente.
1400 1841 2015 1900 Donde Fernández Hermanos
1397 1889 1943 1942 están bailando un sainete
1400 1934 1973 1993 pues dicen le faltan manos
1400 1979 1871 2044 para depender fanos
1376 2020 1991 2082 cerveza marca MACHETE.
1262 2128 2257 2181 BIENENIDA.—Después de pasar larga tempora¬
1212 2173 2257 2226 da en la Capital ha regresado al seno de los su¬
1221 2224 2254 2279 yos con su pecular dulzura y simpatía, la muy
1215 2265 1994 2318 apreciada señorita Amparo Herrera,
1253 2313 2260 2369 Presentámosle nuestra afectuosa bienvenida,
1355 2430 2122 2488 UNRLALO
1256 2522 2263 2572 EL PASALE con motivo que se aproxima Pascuas
1221 2564 2260 2623 y Año Nuevo ha propuesto hacer un regalo á
1215 2609 2263 2662 toda persona que compre sus zapatos en el
1218 2659 1713 2709 Pasaje de Sus. JORGE CUESTA.
1262 2755 2257 2811 FE DE ERRATAS. En la crónica de nuestra edición
1212 2800 2257 2856 anterior se deslizaron algunas erratas. Entre
1218 2844 2263 2900 ellas creemos urgente corregir estas dos En
1224 2892 2260 2945 Distinguidos vigieros debe leerse. Es el señor
1221 2940 2116 2993 Marin, Manager de la Bul Insular Line,
1268 2985 2266 3038 En Soluciones resultó agraciada la Srta. Luz
1230 3027 2260 3080 Sosa que no es Luz, seudónimo de una de unes¬
1221 3077 2134 3127 tras charadistas. Pedios pues, exCISA.
