2479 3508
143 89 388 142 FEMINA
435 319 1862 375 M. ALFARO RETES Y CO.
874 408 1433 464 APARTADO No. 40.
764 498 1549 548 San Pedro de Macorís, R. D.
229 701 1113 751 Grandes almacenes de ferretería,
188 770 1062 826 quincallería y almacen de muebles.
232 880 1122 939 Material de construcción, artículos
182 958 970 1008 sanitarios. Pintura, Barnices.
238 1065 1125 1124 Válvulas, check, tornillos, rema¬
179 1137 1113 1193 ches, Empaquetaduras, tubería, hie-
182 1199 1116 1261 rro, bronce, invectores y demás res¬
179 1277 806 1339 puestos de maquinaria.
235 1388 1122 1441 Haga su pedido hoy mismo.
185 1456 1119 1506 Nuestros precios no admiten compe¬
188 1531 361 1581 tencia.
615 1937 1686 2026 AMODLLO
511 2116 1836 2168 Panaderia y Fabrica de Galletas
710 2283 1633 2342 MOVIDA POR FUERZA MOTRIZ
277 2385 2057 2444 GRAN PREMIO Y MEDALLA DE ORO EN LA ESPOSICION DE MILAN, 1920.
241 2594 2164 2656 Prestamos especial atención á la fabricación de galletas. Garantizamos que no
191 2653 2161 2712 se rompen ni el 2 por ciento por peso; son preferibles á todas las importadas del
197 2710 1997 2763 extranjero y á todas las del país. Escribanos pidiendo muestras y precios.
1349 2847 2098 2900 FERNANDEZY CO. S. en C.
197 3012 1821 3065 Trinitaria, esquina á Duvergé, Villa Velazquez. S. P. de Macorís.
