2479 3508
795 228 1624 277 FÉMINA
438 384 1994 434 REVISTA GALANTE Y DE INTERESES GENERALES.
850 485 1594 536 DIRECTORA ADMINISTRADORA:
749 560 1698 600 PETRONILA ANGELICA GOMEZ
1044 613 1400 653 Maestra Normal.
1059 715 1394 763 REDACTORES:
931 788 1513 824 V. VALERA REYES,
322 829 2128 883 PETRONILA A. GOMEZ, CONSUELO MONTALVO DE FRIAS.
220 972 382 1026 año 1
821 960 1618 1008 San Pedro de Macorís, Agosto 1o. de 1922
2095 948 2224 993 No. 2
280 1121 2221 1174 PERFECCIONANDO EL HOGAR.
1612 1213 2215 1246 Concedednos una completa
1645 1242 2030 1278 libertad de acción.
1618 1266 2057 1302 Para así poder guiar
1636 1293 2131 1329 a la nueva generación.
2077 1332 2197 1365 Magnolia.
315 1524 1212 1574 COMBATIR el medio ambiente so¬
435 1585 1209 1633 cial, por medio de una esmerada
432 1636 1203 1682 cultura, colocar á la mujer domi¬
429 1691 1209 1734 nicana con el alto pedestal que
429 1742 1194 1788 le corresponde, sin el menosca
441 1796 1209 1839 bo de su exquisita delicadeza, ni
197 1849 1209 1901 del espiritual feminismo que constituye su
197 1908 1110 1956 mayor encanto: he aquí nuestro lema.
250 1981 1203 2033 Según nos lo han dicho sabios intérpre¬
197 2036 1206 2086 tes de la Moral, el primer paso en el sen¬
200 2092 1212 2143 dero de la virtud, es el reconocimiento de
200 2154 644 2197 las propias faltas.
253 2226 1221 2272 Reconocido pues, que nuestro ambiente
197 2277 1215 2328 social, viciado por el hálito impuro de las
214 2333 1218 2382 pasiones que se agitan en el cerebro de
203 2385 1209 2436 nuestra inconciente juventud, se ha me¬
197 2436 1218 2489 nester, como en el plantío atacado de gér¬
203 2489 1221 2540 menes nocivos, de la mano del habil jardi¬
206 2546 1218 2597 nero, que trunque de una vez el ramaje
208 2605 1209 2644 enfermo, para que, despoje toda planta
200 2650 1215 2697 del insano follage, brote en cada rica ge¬
206 2709 1218 2755 ma el gallardo renuevo, precursor de loza¬
203 2769 567 2812 na enfloración.
259 2836 1223 2890 Iremos infiltrando sutilmente en el ani¬
203 2892 1223 2943 mo de nuestras jóvenes madres, nuestra
206 2943 1223 2997 modeladora doctrina, a fin de que, incul¬
203 3003 1223 3048 cadas en el hogar las primeras máximas,
206 3055 1223 3108 formen la base de una educación mas efi¬
1256 1485 2271 1534 ciente que la regida hasta hoy en la socie¬
1256 1554 1648 1594 dad dominicana.
1313 1620 2271 1671 Elimínese ante todo en el sexo masculi¬
1253 1676 2277 1725 no, la innoble tendencia á ejercer presión
1253 1726 2271 1775 sobre la mujer, sometiendola á la mas ridí¬
1262 1782 2274 1832 cula esclavitud y obstaculizando con este
1253 1839 2277 1882 desastroso sistema el desenvolvimiento de
1253 1886 2280 1940 su vida práctica y el desarrollo de su inte-
1253 1940 2277 1991 lecto; e ilústrese al bello sexo en razon di¬
1268 2000 2277 2045 recta con estos principios para evitar la
1259 2054 2277 2097 metastasis que podría originar una errónea
1262 2102 2277 2154 interpretación; porque salir de una enfer¬
1259 2160 2280 2206 medad para caer en otra mas grave, seria
1262 2220 1695 2263 contraproducente.
1313 2296 2274 2336 No se confunda la libertad que redime y
1259 2347 2274 2390 dignifica, con la libertad que corrompe,
1265 2396 2277 2457 pues no se basaría en la Ley Natural, des¬
1268 2455 2280 2509 pojar al hombre de la supremacía de que
1268 2509 2283 2554 disfruta, como mas fuerte, ni es humano
1268 2557 2280 2606 que continúe la mujer bajo un yugo tan
1268 2612 2277 2663 recio; hay que soltarle un poco las ligadu¬
1265 2665 2289 2713 ras, porque, mal puede formar conciencias
1268 2719 2283 2767 claras ni hombres libres, quien no pueda
1271 2773 2280 2818 accionar con desenvoltura sobre el grave
1223 2836 1230 2872 Iremos infiltrando sutilmente en el ani¬
1274 2824 2283 2875 conflicto cuya responsabilidad tienen en
1223 2892 1224 2928 mo de nuestras jóvenes madres, nuestra
1264 2876 2277 2928 gran parte, los que no supieron guiar por¬
1223 2943 1224 2979 modeladora doctrina, a fin de que, incul¬
1277 2933 2289 2979 un derrotero mas civilizador la masa de
1223 3003 1227 3039 cadas en el hogar las primeras máximas,
1274 2987 2286 3033 hombres que derrocaron nuestra hermosa
1223 3055 1227 3094 formen la base de una educación mas efi¬
1271 3046 1492 3091 Libertad.
