2479 3508
232 135 504 168 Fémina
2030 96 2242 132 Pagina 2
206 443 1258 490 La Cancion del Bosque
304 669 949 705 En el seno de gruta deleitosa,
310 711 967 750 que ser me parecía la mansión
310 759 1012 792 de algún hada divina, misteriosa,
310 798 928 836 escuché la melódica canción
322 845 1062 884 del bosque, que cruzaba presurosa:
319 935 1167 965 Se alegra el campo; eleyan sus arrullos
316 983 1000 1025 las tortolas y cantan ruiseñores;
322 1024 1113 1072 por doquiera resuenan los murmullos
316 1069 1107 1111 del céfiro, que un beso da á mis flores
319 1120 1191 1162 i entreabre cariñoso mis capullos........
316 1216 1110 1254 El alba asoma. Su amplio murmurio
322 1263 1041 1299 es homenaje fiel que me presenta;
325 1305 994 1353 arece que me dice dueño mío
328 1350 1050 1389 al pesar mi ramaje, que se ostenta
322 1395 982 1434 ornado con las perlas del rocio.
322 1490 1050 1532 Que el artiste en la hora matutina
331 1538 1131 1577 me contemple un instante desde lejos:
328 1581 1032 1619 tomara inspiración la mas divina,
331 1628 1125 1666 del sol, aun escondido á los refiejos,
328 1670 1062 1708 envuelto entre vapores de neblina!
334 1765 1030 1813 Aquí bajo el frescor de mi follaje
331 1814 949 1855 el aye su morada leve cuelga,
331 1857 985 1899 tejida con residuos del ramaje,
337 1902 1077 1944 en amoroso afán su prole al berga
334 1950 1000 1986 entre abundoso, nitido plumaje.
337 2045 1089 2087 De continuo una lira estoy tañendo,
334 2090 1119 2129 i cuantas dulces notas á ella arranco,
334 2132 1201 2168 aunque vuelvan fugaces, como hendiendo
340 2181 1077 2219 yan as concavidades del barranco,
346 2228 994 2264 el eco alla las sigue repitiendo,
343 2326 1086 2359 Cuando surgen airados vendavales,
343 2368 937 2404 si el río se dilata turbulento
346 2413 1134 2452 por la lluvia empañados sus cristales;
343 2457 1095 2493 si me ataca con furia el recio viento
349 2505 1071 2541 despaciendo mis densos bejucales,
1268 642 2083 687 al alcance, me muestro mas sonriente;
1265 690 1994 732 que si un tanto su ira me despoja,
1277 732 2092 774 reciben mas caudal mis claras fuentes,
1271 780 2057 822 i mas verdor se ostenta en cada hoja,
1274 821 2161 866 i mas rumores lanzan mis torrentes.
1271 923 2060 962 Las almas de pesares siempre llenas,
1274 965 2012 1001 venid, que no hay aquí melancolía;
1284 1004 2086 1052 yo no guardo dolor, no encierro penas;
1280 1054 1895 1099 randales solo doy de melodía,
1284 1099 2071 1140 mas dulces que canciones de sirenas,
1271 1198 2039 1234 No arrullados por dicha ni fortunas:
1271 1242 2045 1275 venid; sosegareis aquí vuestra alma
1277 1287 2033 1326 cuando en quietud i soledad la luna,
1286 1333 1961 1368 simbolo de dulzuras y de calma,
1280 1377 1940 1419 baje a besar la laz de la laguna,
1286 1475 2048 1517 Al sereno compas de mis canciones,
1280 1520 2086 1562 que a pura dicha i al consuelo invitan,
1283 1562 1964 1601 enyolved en la faz los corazones;
1292 1610 1973 1646 en mi seno los vicios no se altan
1292 1650 2106 1693 ni se revuelven torpes las pasiones.
1289 1751 2009 1786 Sobre el mullido cesped reclinada
1283 1795 2125 1831 seguía yo en tanto, con la idea anhelosa
1283 1837 2122 1878 de morar para siempre en la encantada
1292 1884 2033 1929 gruta, por ser Calipso, ser la diosa
1292 1933 1976 1968 del bosque deliciosa enamorada.
1295 2028 2131 2070 Mas todo en torno mio se fue apagando,
1295 2075 1916 2114 apenas si soplaba un cetirillo,
1201 2135 1206 2165 aunque vuelvan fugaces, como hendiendo
1295 2117 2036 2156 el sol sus rayos mustios ocultando,
1301 2159 2143 2204 mientras en canto destemplado el grillo
1298 2207 2045 2249 el paso de la noche iba anunciando,
1301 2302 1991 2347 Ufana me aleje, Yo y la huella
1298 2347 1997 2383 pintada allí del Ser Omnipotente
1295 2398 1916 2434 tras esa fiel Naturaleza bella;
1307 2437 2018 2479 i nunca, nunca olvidará mi mente
1301 2484 2125 2523 el himno de los bosques de Quisqueya!
1812 2580 2185 2613 Evangelina RODRIGUEZ.
