2479 3508
232 71 435 124 Página 3
653 106 1808 163 a
1970 56 2236 112 Fémina
916 217 1570 270 LA VIEJECITA.
764 349 1334 405 Perdura en mi memoria
752 405 1525 461 como pálida estampa soñolienta
761 462 1483 512 la pobre viejecita aguiñapada
761 513 1698 569 que ví por nuestras calles polvorientas.
767 596 1173 649 Raido su corpiño.
767 647 1671 703 mostró ante mí la flacidez de un seno.
758 704 1701 754 que acaso, mas que hermoso i atractivo,
764 755 1525 808 fué una copa de nácar rebosado
761 808 1504 861 de néctares maternos i divinos.
764 886 1636 942 Ahora qué le importa en su camino
758 943 1233 993 el mundo acicalado.
761 996 1531 1049 si resiste á las nieves de la vida
755 1047 1227 1097 con la frente cada
758 1101 1504 1154 las manos al pecho sujetando
764 1149 1680 1208 las puntas de una manta enverdecida?
770 1235 1179 1288 Su faz no sujería
767 1286 1606 1342 los filtros de hechiceras, ni la torva
764 1343 1262 1396 acritud de la insidia:
764 1397 1579 1458 miseria i desamparo tal llevaba,
764 1450 1600 1506 con temblor de sollozos en el alma,
764 1501 1642 1557 una luz moribunda en las pupilas:
1361 1582 1683 1635 Manuel E. Suncar.
949 1737 1534 1793 Voz de Aliento.
931 1835 1979 1891 San Pedro de Macorís. R. D. 26 de Julio de 1922.
474 1895 1164 1948 Srta. Petronila Angélica Gómez.
471 1943 1439 1996 Directora de la importante revista "Fémina.
1716 1976 1898 2029 Ciudad.
474 2032 988 2082 Distinguida compañera:
561 2071 2024 2136 He tenido la grata satisfacción de recibir su bien escrita revista titu¬
462 2116 2027 2178 lada mina la que he lido con el entusiasmo que se siente cuando se
471 2173 1003 2226 lee todo lo que es bueno.
570 2203 2018 2271 La he sentido en mi corazón y la he admirado. Y me he sentido orgu¬
477 2247 2021 2318 llosa al ver que los nobles deseos de mi inteligente compañera se han vis¬
480 2310 764 2360 t realizados.
594 2343 2024 2396 Pámina ofrece á la muier antillana sus albas páginas, para que de¬
480 2391 1591 2450 de abrisionada en ellas la viva luz de sus bellas ideas.
570 2427 2027 2494 De sus ideas que son fores atractivas y lazos sonrosados de ensue¬
480 2480 1274 2536 mos inocentes de arrullos y melodas.
564 2519 2033 2581 Quién lo duda? Fémina es el ánfora que guardara la esencia mas
480 2564 2033 2638 pura, que no es otro el nombre que puede darse á las ideas que brotan de
477 2621 991 2671 un cerebro privilegiado.
597 2653 2033 2718 Flores con flores se pagan según dijo un poeta en idea afortunada.
483 2695 2033 2763 vo buscaré de vez en cuando en el jardin de mi pensamiento algunas
480 2740 2033 2808 ores nuevas para recompensar las que bondadosamente me ofrece la
477 2800 976 2850 directora de Fémina
585 2830 2030 2894 Y antes de poner fin a estas cortas líneas, deseo para la nueva revista
474 2874 2033 2939 que se ha abierto paso no sin algunas dificultades, toda clase de adelantos
480 2913 2042 2990 pidiendole también a la Virgen tenga la vida de esos arbustos bellos y lo¬
477 2964 2039 3029 ganos que una vez arraigados en terreno fértil, dan pimos frutos y no
489 3021 806 3083 perecen lamás
1504 3107 1949 3163 María L. Anglis DE CANINO.
