2479 3508
235 74 438 124 Página
1970 62 2245 115 Fémina
1050 444 1474 497 LORELEY
1474 593 1797 643 Para Fémina
767 668 1818 721 Yo he seguido una sombra, una sombra imprecisa
665 707 1645 763 de ingena Colombina, loca como Arlequín¬
671 755 1692 808 una imprecisa sombra que me ha llevado a prisa
674 802 1653 855 hacia el misterio turbio de las aguas del Rhin.
770 898 1857 951 Yo he seguido una sombra, vo he seguido el destino
674 946 1722 999 sin ver que va en silencio, como un arroyo manso,
671 987 1662 1040 disfragando la muerte que está en su remolino
671 1032 1650 1088 con la eterna paralisis de un sereno remanso,
767 1131 1836 1184 Yo he seguido una sombra! La he seguido sin ver
677 1176 1615 1232 que es la silueta errante de un alma de mujer
668 1223 1857 1285 yendo hacia el laberinto de un porvenir que asombra.
773 1322 1639 1372 Y por tí. Colombina de un pálido Pierrot,
674 1364 1594 1417 mientras me precibita tu travieso complot
668 1411 1725 1464 hacia tu remolino. Yo he seguido una sombra!
1540 1480 1818 1533 Armando OSCAR.
722 1483 829 1539 1921.
946 1725 1594 1784 Canción Bohemia.
1340 1883 1779 1936 Para el egregio Poeta
1337 1928 1689 1981 un T. Me S.
683 2003 1662 2056 Es la época moderna, se impone el pesimismo,
671 2038 1621 2100 no oremos la muerte de nuestras ilusiones
686 2092 1704 2145 va el dolar se despierta con su mueca de abismo,
674 2134 1698 2196 para hincar sus colmillos en nuestros corazones.
668 2235 1627 2288 Llevemos en los labios joh bardos la sonrisa.
674 2280 1782 2333 entonemos un himo, porque ha muerto elleopardo,
674 2325 1522 2378 cuvas víctimas fueron el alma de losa.
674 2370 1546 2429 y el corazón doliente del palido Abelardo.
683 2468 1567 2521 En esta noche triste, de languidez piadosa,
677 2516 1582 2566 las estrellas fulguran cual cirios finerales,
686 2558 1525 2611 y desgrana la brisa, ligera y misteriosa.
683 2600 1615 2656 un extraño murmulo de reos conventuales.
680 2701 1570 2754 Bebamos en silencio, nada nos importuna,
680 2746 1588 2802 sus intensos placeres nos brinda el alcohool,
689 2791 1740 2847 y hace de nuestras noches, hermosos días de luna,
671 2833 1689 2886 y da estros días negros, claras noches de sol.
1606 2904 1830 2954 Pan MACEO.
