2479 3508
256 86 543 136 Fémina
2083 80 2289 139 Página G
403 244 1074 303 Señora M. L. A. de Canino.
516 331 2134 384 Su carta ha sido leída por nosotras con verdadero placer. Nos con¬
412 384 2140 440 gratulamos de que haga usted efectiva su promesa, y quedamos alta¬
412 438 2143 494 mente reconocidas por las elocuentes frases que nos consagra, reflejando
400 492 2039 548 en ellas la indulgencia con que acoje nuestra humilde publicación.
513 546 2143 605 No podía esperarse menos. Según nuestros deseos, queda usted
400 599 1573 655 inscrita en el número de nuestros colaboradores.
510 662 1645 721 Con nuestras mas expresivas gracias, le saluda
1767 740 2071 793 P. A. G.
925 910 1624 966 SULIME AMOR.
988 2597 1701 2647 PETRONILA ANGELICA GOMEZ
1227 2633 1453 2686 Bisfalia.
782 996 1653 1055 Amor envía Selene en sus destellos,
779 1050 1325 1106 cuando su faz radiosa.
776 1107 1603 1160 serenamente ostenta en el espacio
776 1161 1259 1217 cual olímpica diosa.
779 1229 1504 1282 Amor envía de su níveo caliz
779 1283 1250 1336 la cándida azucena
776 1331 1567 1390 en un perfume delicioso y suave.
779 1394 1758 1449 que de dulce embriaguez el pecho llena.
779 1456 1516 1515 Amor envía á la lozana planta
776 1510 1209 1569 el fulgurante sol;
776 1567 1618 1623 mientras ella sonriente, se levanta
779 1620 1259 1676 i ostenta su verdor.
779 1689 1241 1742 La canora avecilla,
770 1740 1621 1805 desde el follaje de la altiva palma,
779 1794 1552 1853 enviándonos su cántiga sencilla
773 1853 1734 1906 de perfumes de amor nos llena el alma.
773 1916 1767 1975 Hai un amor que al mismo tiempo brinda
785 1973 1209 2026 placer y sinsabor:
770 2026 1642 2079 amor de aquél que enamorado hace
776 2080 1167 2136 latir el corazón.
770 2146 1704 2208 Pero cuál el amor mas puro y grande,
770 2200 1176 2262 el imperecedero,
776 2253 1701 2318 el que en la vida da consuelo y calma,
773 2307 1227 2366 el amor verdadero?
776 2379 1701 2435 Es aquel noble amor sublime y tierno:
770 2432 1346 2488 amor profundo y santo,
770 2486 1722 2548 Amor de Madre, que en desvelo eterno,
773 2543 1325 2596 enjuga nuestro llanto!
606 2770 1925 2829 KI Aniversario del Listin Diario.
522 2904 2134 2963 "Fémina regocijada, llevanta su débil voz de mujer para enviar su
397 2964 2146 3026 cordial felicitación al apreciado colega Listín Diario, con motivo de
394 3027 2143 3092 cumplir hoy su 33o aniversario, deseándole otros mil años mas de vida
403 3092 794 3151 laboriosa y útil.
