2479 3508
188 74 394 124 Página 2
1934 41 2203 94 Fémina
567 265 1325 363 I A
1358 549 1880 608 María Consuelo Pellerano.
1450 468 1797 527 A mi prometida
585 710 1567 772 Salve excelsa Raza! Raza que mecció mi cuna,
546 761 1552 829 Salve bellísima luna, tu que me has visto nacer.
546 817 1689 882 Salve Raza Hispana. Raza de alegría, Razade valor.
543 874 1439 936 Inspira mi poesía y mis cánticos de amor,
582 970 1555 1032 De los épicos cantores haré un ensayo divino,
546 1023 1567 1091 Si en tus grandezas atino un instante á meditar.
549 1077 1549 1142 Recordaré tus llevendas y evocaré tus saudales
564 1137 1594 1196 y hasta la gloriosa enseña sobre las olas del mar.
591 1226 1851 1294 Sandales de hermosos prados do el alma en ellos se inspira
558 1286 1564 1348 y el amante allí delira contemplando su verdor,
558 1334 1713 1405 De los árboles frondosos que por la tierra se extienden
561 1391 1594 1458 Y del viento se defienden con orgullo y con valor.
606 1486 1656 1557 Todos parece se abrazan y á saludarte se inclinán
561 1549 1642 1605 y después que se recinan para su sombra ofrecer.
558 1600 1713 1667 En tanto que sus destellos nos manda el sol de soslayo
555 1653 1680 1724 En esas tardes de Mayo, tardes de ensueño y placer.
603 1752 1821 1820 Entonces con tus encantos nos brindas tus mil grandezas
561 1812 1600 1873 y con profusas lindezas me llenas Raza de amor,
561 1862 1627 1924 Por ser tierno este mi canto te ensalaré Raza mía
567 1919 1450 1987 Y tu serás mi alegría y mi delicia mayor.
612 2015 1668 2082 Y desde tu inmensa cima que se levanta orgulloso
561 2074 1480 2136 El espíritu grandioso desafiando ya el mar.
573 2128 1564 2193 Bendeciré tu memoria, Raza de sacra epopeya,
564 2179 1582 2250 Donde la historia su origen no cesa de recordar.
615 2274 1833 2345 Raza de hermosas doncellas, transparentes como el cielo,
567 2331 1612 2402 Que nos llenan de consuelo y de amor el corazón,
573 2388 1624 2456 Raza de excelsas virtudes y de bondad en esencia
576 2441 1486 2506 Sonadoras de inocencia y nostálgica visión.
615 2534 1716 2608 Raza de madres fecundas, las que inspiran al poeta,
585 2594 1549 2662 Que la mente allí concreto por lo bello e ideal,
576 2638 1656 2721 Seres que tejen banderas con las caras á los mares
582 2701 1582 2772 Con recuerdos á millares de sus Hijas sin rival.
620 2797 1677 2871 Raza fuerte de conquistás y de grandes ilusiones,
567 2850 1725 2927 Son de amor tus corazones y tu amor me inspira á mí,
582 2907 1650 2981 Raza de gloria y trabajo, para mí vuestros amores,
573 2961 1662 3035 Para voz todas mis flores, por eso te quiero á tí....
1516 3053 1845 3109 B. Portela ALVAREZ.
