2479 3508
259 68 525 127 Fémina
2063 68 2260 118 Página 8
432 1307 689 1360 UNA VIS
850 1310 2080 1363 EPLAYA DE MUERTO, S. P. DE MACORIS
701 1743 1268 1799 Romantica.
1430 1826 1791 1882 A ELLA...
776 1919 1089 1969 Para Fémina
698 2020 1612 2076 Ya la clara luna cuando á tu faz besa,
698 2074 1710 2133 En las noches blancas que invitan á amar,
704 2125 1743 2184 No imprime en tí un tono de dulce Princesa
698 2182 1665 2238 Digna de un poema del mejor juglar....
701 2280 1621 2345 Ya el sol que anacara la nivea azucena
689 2343 1597 2399 Brindándo en sus oros cascada de luz,
692 2397 1609 2450 No envidia tu ardiente pupila morena
701 2447 1650 2503 Que era cual lucero de un cielo andaluz.
689 2555 1639 2614 Hoy la clara luna cuando á tu faz besa,
695 2612 1567 2662 Deja en tus mejillas su pena cautiva
695 2659 1507 2721 Con un tono pálido de tristeza tal,
689 2773 1636 2829 Que cuando á su célico imperio regresa,
695 2824 1516 2877 En un mar de nubes boga fujitiva
686 2880 1674 2936 Derramando lágrimas de luz celestial
1403 2982 1764 3035 José Martinez Conde.
