2479 3508
197 56 400 109 Página 2
1970 44 2242 94 Fémina
385 223 454 299 G
483 250 2122 309 t
155 584 328 637 Del Amor.
220 671 1203 724 Han hecho mutua promesa de amor en
164 725 892 781 esta ciudad, los distinguidos
922 725 1197 784 jóvenes Sr.
164 784 1170 837 Pedro Velazquez y Sita. Adela R Bobea,
223 850 1203 903 Que pronto vean realizados sus sueños
164 910 450 960 de ventura.
164 999 528 1052 Pre Parque alvador.
214 1080 1209 1136 Como somos fervientes simpatizadoras de
167 1143 1200 1193 todo lo que contribuya al ornato de las
173 1196 1191 1249 ciudades, hemos visto con pesar el aban¬
167 1250 1203 1300 dono de que es obicto el antiguo parque
204 1300 1206 1357 Salvado, y aunque se le han lecho al¬
170 1358 1209 1414 gunas reparaciones, no encontramos esto
167 1414 1203 1467 suficiente, tratándose de un lugar en donde
173 1465 1200 1521 están expuestos á la veneración los bustos
167 1519 1200 1578 de los Padres de la Patria; además de en¬
170 1576 1206 1632 contrarse dicho parque frente á nuestro
170 1632 1200 1682 modermo templo, que realza con sus ga¬
167 1689 1203 1739 llardos paredones la pintoresca entrada de
179 1743 746 1799 la ciudad del Higuamo.
173 1835 403 1888 Ya era tiempo.
223 1916 1209 1978 Hemos visto con placer la actividad des¬
185 1973 1218 2029 plegada en estos días, por el Departamento
182 2032 1218 2085 de Sanidad, procediendo á la limpieza de
176 2092 552 2145 patios y calles.
226 2161 609 2214 Así, se cumple.
173 2253 638 2303 Nuevo Intervertor de Adaana.
232 2337 1215 2393 A hacerse cargo de la Interventoría de
179 2388 1218 2447 Adana de este puerto, ha venido recien¬
179 2447 1209 2500 temente de la ciudad Capital, el señor
176 2498 1215 2557 Rafael Alburquerque, quien hace tiempo
179 2555 1215 2608 viene desempeñando con marcado acierto,
179 2612 1227 2665 este mismo cargo en distintas Aduanas.
232 2686 600 2739 Lo celebramos.
1304 656 2292 709 Tenemos en cartera delicados trabajos
1241 704 2289 769 literarios de distinguidas damas macori¬
1241 773 1403 826 sanas.
1241 859 1570 909 Compesición polica.
1295 922 2292 987 Tenemos el gusto de reproducir en
1247 982 2292 1040 nuestras páginas la bellísima composición
1256 1032 2286 1103 poética intitulada La Canción del Bos¬
1247 1092 2289 1151 que, como recuerdo á su autora la Srta.
1256 1143 2286 1205 Doctora en Medicina. Evangelina Rodri¬
1256 1199 2286 1261 guez, quien busca hoy en la patria de
1290 1253 2286 1305 itor Hugo luz y mas luz que derramar
1256 1310 2292 1369 mas tarde en el suelo de su patria Domi¬
1247 1373 1427 1423 nicana.
1238 575 1558 625 Para la a edición.
1241 1459 1444 1509 Sabanando.
1295 1522 2292 1584 Por la premura de entregarnos nuestra
1256 1573 2295 1647 pasada edición, en los trabajos de colabo¬
1253 1629 2289 1694 ración femenina se deslizaron algunas fal¬
1253 1689 2295 1748 tas de puntuación, que esperamos el lector
1253 1752 1662 1805 haya subsanado.
1292 1838 1576 1891 mina inafame.
1307 1901 2295 1966 Damos las gracias á nuestros favorece¬
1259 1961 2298 2020 dores por la buena acogida que han tenido
1262 2018 2295 2079 la amabilidad de dispensar á nuestra hu¬
1253 2080 1704 2130 milde publicación.
1256 2161 1603 2217 lamamos la atención.
1307 2232 2307 2291 Suplicamos á nuestros lectores fijarse en
1262 2292 2298 2351 las condiciones publicadas en la página,
1259 2340 2298 2402 omitidas involuntariamente en nuestra
1265 2403 1662 2453 edición anterior.
1253 2486 1385 2539 Eralas
1310 2543 2301 2614 En el Editorial donde dice despoje, léase
1262 2606 2304 2674 despojada y donde dice sin el menoscabo
1256 2668 1785 2730 léase sin menoscabo.
