2479 3508
235 104 498 157 Fémina
567 286 1200 357 te
1328 289 1922 354 aco
206 444 495 497 Quince Primaveras.
253 516 1233 572 Liliana Alburquerque, bello consorcio
200 570 1224 623 de lirio y rosa, la graciosa chiquilla que
200 620 1221 682 guarda el misterio de sus divinos encantos
206 677 1227 730 en la castidad de su virginal sonrisa y en
203 728 1218 784 el fuego adorable de sus pupilas brillan¬
203 779 1227 837 tes como luceros. ha cumplido quince
208 832 1212 891 primaveras en el curso bellísimo de su pre¬
206 892 1224 945 ciosa existencia el día 26 del mes que ha
203 946 450 996 finalizado.
256 999 1212 1049 Liliana, cuyo nombre pudiera ser muy
203 1047 1224 1103 bien el de un poema de Becquer, fué feste¬
206 1101 1215 1166 jada por un lindo grupo de flores de nues¬
206 1158 1224 1211 tros cármenes, amiguitas de ella y cual
203 1208 1227 1264 ella, encantadoras; varios jóvenes entre los
197 1265 1221 1315 que no podian faltar algunos poetas, hicie¬
194 1316 1224 1372 ron vibrar en la lira la música de la pala¬
208 1370 519 1426 bra, el verso.
256 1423 1224 1479 Que las flores de nuestros jardines espi¬
200 1474 1227 1533 rituales formen una alfombra de luz y co¬
208 1534 800 1590 lor á los pies de Liliana.
197 1608 409 1664 Cula damita.
256 1686 1230 1739 Se encuentra entre nosotros procedente
1271 1119 1558 1169 En viaje de recreo.
1319 1185 2295 1241 Se ausentó en viaje de recreo á la ciudad
1271 1235 2292 1294 que acaricia placentero el Ozama, la esbel¬
1271 1292 2295 1351 ta, la divina niña de los ojos rivales del
1265 1340 2295 1405 sol, delicada como el perfume de los nar¬
1274 1408 1839 1458 dos. Amparito Herrera.
1337 1459 2298 1518 Que sea breve la temporada que habrá
1268 1519 2301 1575 de pasar en la ciudad Romántica, para que
1268 1576 2092 1629 torne con ella nuestra alegría....
1271 435 2310 491 de la hermana isla de Borinquen, la bella¬
1268 486 2298 557 y delicada damita Srta, María Lnisa Oliver
1265 542 2261 602 z quien cabe el honor de haber sido gra
1268 599 2260 655 duada en el octavo grado en sus estudios.
1319 650 2286 706 Sabemos que la simpática María Luisa
1271 704 2295 760 ha presentado en sus exámenes preciosos
1271 755 2292 814 trabajos que ponen muy en alto el nom¬
1265 811 2286 867 bre de la mujer dominicana, y el de la Es¬
1268 868 2060 921 cuela en que hizo su aprendizaje.
1322 916 2292 972 Sea bienvenida, y que siga conquistando
1271 970 2295 1032 lauros en su carrera por el campo de la
1271 1029 1474 1082 cultura.
2089 1677 2251 1730 J. M. C.
474 1967 2054 2023 LE Dio DO E.
364 2271 2227 2321 Vapores de pasajeros y carga en servicio regular entre
271 2382 2060 2435 los puertos de la República y el de Ne York, E. O.
361 2498 2236 2557 Vapores de carga para fletamentos ocasionales a tipos
283 2606 2224 2662 convencionales. Para informes de toda clase dirijase a la
668 2776 1836 2829 Oficina Central, 25 Broadway, NE YORK.
441 2880 2063 2936 O á la Agencia General, 15—Colónfaltos, STO. DOMINGO.
1668 3018 1946 3071 New York.
603 3021 1510 3100 Direcciones Telegrafcas: DYEL.
1274 3071 2021 3130 CLYSANTO, Sto. Domingo.
