2479 3508
268 71 519 124 FEMINA
788 280 877 330 66
862 343 1698 399 El Almacen
1012 447 1549 500 DE JOSE ZURIGA.
403 552 2164 605 Gran existencia de lujosas camas, muebles, espejos, fonógrafos, prendas.
701 638 1871 688 Se hacen y estiran bastidores á precios módicos.
361 719 2212 769 Cualquier cosa que Vd, desee, nueva, de medio uso o vieja acuda a esta casa.
537 770 2030 829 Háganos una visita hoy mismo. Al lado del Centro Español.
686 883 1883 936 Teléfono 218. Calle Sanchez. S. P. de Macorís.
364 1071 2173 1127 Cigarrillos La Fama Habanera. Sport. Cremas
806 1211 1767 1267 Los mejores de todo el país.
674 1423 1895 1476 COMPANIA ANONIMA TABACALERA.
1453 1620 2128 1673 S. P. de Macoris.
671 1859 1895 1912 TERNANDEZ HERMANOS Y CO.
973 1982 1600 2035 SANTO DOMINGO R. D.
367 2116 2218 2181 Agentes exclusivos del famoso cemento OR y de la
653 2232 1913 2285 cerveza alemana marca Machete.
591 2370 1967 2420 Importación de Provisiones y tejidos.
1621 2450 1710 2500 E
1770 2450 1865 2503 E
806 2603 1719 2662 Farmacia LANDESIO
1012 2698 1585 2754 De J. M. Landestoy G.
1137 2791 1447 2841 FARMACEUTICO.
364 2868 2212 2924 Especialidad en las recetas de los Sres, Médicos, Productos puros. Drogas frescas.
388 2928 2194 2984 Extenso surtido de Patentizados europeos y americanos constantemente renovados.
746 3000 1833 3053 Trato esmerado. Atención personal de su dueño.
1379 3077 1722 3127 Santo Domingo.
853 3077 1283 3127 Avenida Capotillo.
