2479 3508
185 195 400 345 AÑO
647 198 761 256 6
931 303 1585 364 LIPINAS
1689 0 2400 62 alcalvo General de la Nación
1862 64 2215 134 HEMEROTECA
1919 261 2143 325 NO. 30
824 3003 1510 3045 Srta. Estela Espallas,
161 3049 2173 3088 encantadora dama de Santiago, en cuya mirada ingenua, que realzan las mas hermosas lineas, se
155 3099 2182 3132 revela el misterio de un anhelo, de un enamorado trovador que na de cantar á sus oidos las delicias
149 3144 794 3183 de un amor casto y sonriente
