2479 3508
889 1390 1618 1433 ladria de conoz.
376 1503 1182 1546 ABertos los brazos, Pemina reci¬
334 1557 1179 1600 de en su seno con todo el entusiasmo
337 1612 1179 1654 que le comunica su admiración, al
328 1665 1173 1707 ilustre distinguido caballero, Licen¬
331 1719 1182 1755 ciado Don Elado Sánchez, el nobi¬
334 1773 1185 1809 lísimo amigo, el prestante miembro
328 1827 1185 1863 de la sociedad macorisana, el digni¬
334 1877 1185 1913 simo patriota, secundador de las
331 1931 949 1976 grandes causas, nacionales.
382 1985 1173 2027 Nobilísimo amigo le llamamos,
334 2036 1176 2077 porque el con su corazon lleno de a¬
337 2089 1188 2125 fecto, con su grande alma inflamada
331 2136 1173 2176 de anhelos, por su pensamiento ro¬
328 2193 1179 2230 bustecido por las mas saludables -
334 2247 1179 2283 deas, ha contribuido poderosamente
331 2298 1182 2340 a mantener animada la dinámica de
328 2349 1170 2391 nuestros esfuerzos en el sostenimien¬
331 2404 1164 2441 to de esta Revista, que es el impa¬
331 2453 1179 2492 so máximo de nuestra abnegación i
328 2506 1176 2546 amor á la patria, a la mujer domini¬
331 2563 1110 2600 cana la la ciudadanía en general.
382 2615 1179 2651 Prestante miembro de la sociedad
334 2665 1179 2704 macorisana decimos, porque en nin-
337 2718 1179 2758 guna ocasión ha ondo empeños
337 2771 1170 2805 sacrificios para contribuir á su mejo¬
331 2822 1182 2865 ramiento á su prestigio adelanto
328 2878 522 2915 cultural.
382 2929 1179 2966 Dignísimo patriota lo calificamos,
337 2979 1185 3018 A último, porque, visionario curtido
334 3029 1173 3072 en la ciencia de la política, sumerci¬
328 3085 1185 3125 do en el ambiente de las mas puras
1319 1508 2170 1545 ideas, sus actuaciones como ciudada¬
1322 1559 2164 1596 no como hombre público, lo han te¬
1328 1609 2173 1654 vantado por encima de los hombros
1328 1665 2167 1704 de muchos hombres que se han esti¬
1328 1718 1976 1755 mado como dignos i probos.
1376 1770 2176 1809 Esas bellas cualidades sumadas a
1319 1824 2170 1863 su carácter recto, a su espíritu de
1331 1877 2170 1913 justicia, a su decidida ayuda á toda
1325 1925 2170 1967 obra de bien, cual que sea su indole
1325 1978 2179 2021 dad, son las que impulsana
1325 2033 2170 2072 nuestra pluma, al correr sobre estas
1328 2083 2179 2125 cuartillas, tan blancas como sus
1328 2140 2176 2179 blancos sentimientos, para elevar á
1325 2188 2170 2227 la más alta potencia, no al ditirambo
1319 2243 2167 2280 que se forma expensa de la adua¬
1328 2299 2170 2333 ción i el servilismo, sino el que surge
1328 2348 2161 2394 expontáneo, bandado por la verdad,
1319 2399 2173 2442 exaltado por la justicia i sancionado
1334 2452 2173 2495 por la opinión de la generalidad de
1331 2503 1731 2543 sus compatriotas.
1373 2557 2176 2597 Lleguen hasta nuestro distinguido
1322 2613 2173 2650 amigo i compañero Lodo. Don E-
1325 2663 2173 2697 lado Sánchez, cuya vera-eligie escu¬
1328 2712 2176 2752 da estas lineas para completarla con
1325 2769 2176 2806 la severidad de su parte de hombre
1328 2821 2176 2860 de carácter, las protestas de nuestro
1328 2874 2173 2910 sincero cariño hacia quien tan mere¬
1325 2926 2167 2963 cidamente ocupa puesto prominen¬
1325 2979 2176 3015 te en las páginas de Femina, en el
1328 3030 2173 3066 corazón del pueblo macorisano en
1325 3082 2036 3122 el seno de la gratitud nacional.
1418 781 2021 824 Lodo. Don Eladio Sanchez
