2479 3508
901 283 1573 344 LII
498 447 1898 502 REVISTA DE LITERATURA, CIENCIAS Y ARTES
785 513 1621 568 CONSAGRADA A LA MUJER
838 615 1564 666 DIRECTORA ADMINISTRADORA:
725 666 1671 720 PETRONILA ANGELICA GOMEZ
1021 734 1373 783 Maestra Normal.
1035 842 1373 884 REDACTORES:
722 890 1674 944 MARIA L. ANGELIS DE CANINO.
298 946 2098 1010 PETRONILA A. GOMEZ, CONSUELO MONTALVO DE FRIAS.
200 1053 391 1105 año 2
812 1050 1630 1105 San Pedro de Macorís, Octubre 31 de 1923
1988 1071 2182 1114 las, 30
603 1256 1770 1311 IIILLLA DEL BLAO PEDIL
1188 1340 2149 1398 POR GRISTOBAL DE CASTRO.
203 1481 1179 1532 Un reciente discurso del admirable Lloyde
161 1534 1173 1588 Ceorge ha senalado agudamente la fortaleza
155 1591 1176 1642 espiritual y física de la mujer en esta guerra
161 1646 1170 1694 sin ejemplo. El primer ministro ingles ha¬
155 1700 1161 1739 recorrido campos y ciudades, granjas agri¬
164 1753 1164 1799 colas y fábricas de cartuchos, campamentos
155 1806 1173 1848 de prisioneros y hospitales de heridos ofici¬
158 1859 1170 1898 nas de correos y salas de costura para uni¬
158 1909 1170 1958 formes militares. En todos estos sitios ha
155 1960 1164 2012 comprobado la heroica seriedad femenina;
158 2015 1167 2063 ha visto á la mujer inglesa sustituyendo al
155 2072 1071 2118 hombre sin esfuerzo, pero sin jactancia.
206 2123 1158 2166 Mujeres labradoras, ganaderas, veteria¬
152 2177 1155 2220 rías, enfermeras, carteras, obuseras, tran¬
155 2228 1164 2274 vieras, revisoras de tren, centinelas en las
161 2288 1155 2327 prisiones. Mujeres jóvenes, mujeres viejas,
155 2333 1161 2381 mujeres casi ninas aun vidas de la gue¬
158 2388 1155 2430 rra, novias sin novios por la guerra, huerra¬
149 2439 1155 2489 nas de la guerra, acuden al arrado, al carro,
149 2493 1161 2542 al pastoreo, á las barcas de pesca, á las
161 2544 1161 2590 minas, reanudando la producción que se
152 2597 1155 2648 había interrumpido por falta de nombres.
164 2651 1161 2698 Y esto que ha conmovido a Lloya George
158 2700 1158 2752 en Inglaterra, pudo así mismo conmovera
164 2754 1155 2806 Painleve en Francia, a Bosell en Italia, a
161 2809 1155 2860 Michaelis en Alemania, y a los estadistas y
158 2865 1167 2907 pensadores rusos, austriacos, belgas, servios
158 2915 997 2964 y bulgaros en sus respectivos países.
200 2970 1161 3015 La hora fuerte del sexo débil ha sonado
143 3018 1158 3069 con vibraciones que se prolongaran por mu¬
149 3070 1146 3119 chos años, quien sabe si por siglos, anun¬
152 3127 1152 3170 ciando el advenimiento de una verdad prác¬
1218 1494 2212 1540 tica que ya era para muchos poetas y pen¬
1218 1548 2215 1597 sadores una verdad teórica; la desaparición
1218 1603 2215 1651 de jerarquías sexuales, la mas absurda abe¬
1215 1659 2119 1701 rración quizá de nuestra historia social!
1268 1712 2215 1755 ¿Por que, ni en que ha de ser la mujer
1215 1760 2209 1806 inferior al hombre La maldiciente y rega¬
1215 1820 2218 1862 nona escuela de Euripides, fundada en el
1215 1873 2215 1906 ocioso espíritu de los gineceos, llegó á to¬
1212 1921 2221 1964 mar valores filosóficos con el fácil repudio
1218 1973 2215 2018 de las esposas romanas; valores satíricos,
1212 2031 2212 2065 con las preciosas ridículas de Moliere, valo¬
1212 2081 2209 2121 res economicos con las derivaciones malthu¬
1216 2131 2206 2176 sianas valores antropológicos con amana¬
1215 2188 2203 2227 das estadísticas de Moelus; valores litera¬
1206 2239 2203 2289 rios con los agrios estudios de Strimberg y
1215 2294 2039 2334 las tendenciosas comedias de Ibsen.
1259 2342 2209 2397 Precisamente en estos últimos tiempos,
1209 2397 2197 2442 cuando ya se acusaba reciamente la manu¬
1215 2451 2212 2495 misión intelectual de la mujer con tantos
1206 2504 2209 2546 libros, conferencias, catedras y periódicos
1206 2555 2203 2597 inspirados o regentados por intelectualida¬
1206 2609 2197 2651 des femeninas; cuando también se insinua¬
1209 2659 2203 2707 ba su emancipación económica con tantas
1206 2715 2197 2758 nuevas profesiones exclusivamente o princi¬
1215 2773 2203 2812 palmente femeninas, como las institutrices,
1212 2821 2215 2866 mecanografas, contables, etc., cuando se
1209 2873 2203 2913 empezaba á implantar su independencia so¬
1209 2928 2188 2967 cial con tanta y tanta chambre meuble¬
1206 2976 2206 3021 cuartitos baratos y vida femenina aparte del
1206 3033 2203 3075 hogar paterno, precisamente entonces sur¬
1215 3086 2209 3128 gen, pseudo ironía ó pseudo ciencia—, las
1209 3139 1812 3179 dos caretas antifeministas.
1540 33 2295 87 Archive General de la Nactér¬
1731 116 2092 165 HEMEROTECA
