2479 3508
286 246 1250 283 Se dirá que antifeminismo no fué mas
1289 246 1290 283 algebraicas, indices, catalogos, expedientes
226 300 1250 337 que una reacción contra el feminismo; que
1289 303 1290 340 etc., como si en toda su vida no hubiesen
226 354 1253 394 si no hubieran estallado como cohetes los
1289 357 1290 394 hecho otra cosa que esto.
232 407 1236 453 diarios escándalos de mistress Pandhurst y
226 461 1247 501 sus compañías blancas tampoco hubiese-
1289 464 1290 501 a las mujeres tampoco labrar los campos,
232 515 1253 552 mos oido resucitar los destemplados gritos
232 566 1238 603 de Moebus ni las burdas chacotas del Sim¬
1289 570 1290 606 rraneo de las minas, subir a lo alto de los
238 620 1247 662 plicismos del Punch del Journal Amu¬
226 677 1253 716 santo y del tas cheto. Pero por mucho
235 729 1236 769 que se diga, siempre quedara en pie el he¬
232 782 1256 824 cho fisiológico de que la mujer antes del
226 837 1250 877 feminismo, en el feminismo y después del
235 891 1253 931 feminismo, ha podido rivalizar con el hom¬
241 945 1238 985 bre en todas las funciones del progreso hu¬
238 999 388 1036 mano.
292 1050 1250 1086 Había en los filosofos y satiros antifemi¬
232 1103 1253 1146 nistas cierta jactancia incompatible con las
232 1158 1250 1200 dignidades del pensamiento y con lo espon¬
232 1212 1253 1253 taneo de la burla. Los filosotos pretendían
232 1262 1241 1301 establecer el doma de la jerarquía intelec-
238 1319 1256 1355 tual, y hablaban como Maebios del peso
232 1373 1256 1415 encefalico, ó como Shopenaner del sexu¬
232 1427 1250 1467 sequor. Los satíricos, mas modestamente,
235 1478 1259 1515 acaparaban para el hombre el predominio
238 1532 1256 1569 herculo y pintaban como el "Simplicis¬
238 1588 1259 1630 mos a una feminista asustandose de un
241 1641 1262 1680 ratón, ó como el Journal Amusemente a
241 1692 1253 1731 un policía ingles llevándose en racimos, fe¬
238 1745 1265 1785 ministas á la cárcel. Ahora callado el femi¬
238 1800 1250 1845 nismo y el antifeminismo por consiguiente,
244 1850 1259 1895 el espectáculo que ofrecen las mujeres en
241 1904 1256 1943 todos los países beligerantes, absolutamen¬
244 1957 1259 2000 te en todos por igual convencerá definitiva¬
247 2008 1265 2054 mente á los filosofos y satíricos partidarios
244 2064 1262 2107 de jerarquías sexuales, de que no hay tales
253 2121 507 2161 jerarquías?
304 2169 1265 2212 Lo del menor peso encefalico no impo¬
247 2223 1250 2266 de a estas mujeres manejar las retortas, cu¬
244 2279 1256 2322 betas, matraces, tubos de ensayos, balan¬
244 2333 1262 2376 zas de precisión, microscopios, formulas
355 2662 1256 2710 Tú fuiste el gran poeta de la Italia tercera,
304 2719 1164 2764 monárquico señor y fiero independiente;
310 2769 1265 2818 por epodos yambos Brogglio el inclemente.
310 2823 1152 2875 la copa del exilio te dió por vez primera.
358 2921 1182 2973 Tu estro vigoroso amo mucho la forma,
304 2986 1092 3023 y la belleza interna de la gran poesía,
304 3034 1215 3074 no tuvo en tus estrofas la sublime armona¬
310 3085 1227 3128 de la bella Natura que á la vida transforma.
1000 2503 1594 2543 A CO
1492 2587 1952 2627 Para Baldemaro Rijo.
1358 2673 2197 2713 Soledades geórgicas amaste con delirio,
1313 2727 2182 2767 para elevar el vuelo de tierna inspiración
1310 2782 2131 2824 y cantable á tu lidia tu mas raro dolor,
1367 2881 2280 2922 y apareciste un día, mas divino que un lirio,
1313 2930 2283 2979 en "Ruit Hora sublime, tu mas bella canción,
1319 2981 2230 3027 cantándole á la vida, al vino..... y al amor.
1871 3063 2245 3100 LOILO A. ULLOA.
1961 3106 2116 3139 Bonao.
268 145 534 185 Fémina
2071 145 2280 185 Página 2
1290 246 2322 286 algebraicas, indices, catalogos, expedientes
1290 297 2322 340 etc., como si en toda su vida no hubiesen
1290 357 1889 394 hecho otra cosa que esto.
1334 407 2319 447 Lo de la debilidad del sexo no impide¬
1290 464 2322 504 a las mujeres tampoco labrar los campos,
1301 515 2310 552 cargar los carros y carretas, bajar al subte-
1290 570 2322 609 rraneo de las minas, subir a lo alto de los
1301 623 2319 662 montes, manejar la azada, guiar los tran¬
1304 675 2331 715 vías, revisar los trenes, vigilar de noche las
1304 733 2319 770 calles, servir los taros, guiar lanchas de
1304 785 1540 824 pesca....
1343 834 2319 874 La fortaleza espiritual y física del sexo
1301 891 2316 928 débil es ya no casuismo sino principio uni-
1304 945 2319 982 versal puesto que si los países hoy neutrales
1301 999 2331 1039 se convirtiesen en beligerantes mañana, las
1301 1053 2325 1089 mujeres de estos países procederían como
1304 1106 2316 1146 las de Francia, Inglaterra, Italia, Rusia etc.
1301 1158 2331 1200 Y cuantos con mayor o menor cierto, pero
1304 1214 2322 1250 con igual entusiasmo, hemos contribuido á
1298 1266 2316 1306 divulgar esta que es ahora verdad práctica y
1304 1320 2316 1357 tangible, es natura que estemos satisfechi¬
1304 1373 2322 1415 simos; todavía no hace dos años que en el
1304 1430 2325 1467 Ateneo sostuvimos largas polémicas frente a
1301 1481 2325 1518 unos moebuistas que hablaban todavía
1301 1533 2322 1573 del menor peso encetálico de la mujer, y por
1301 1588 2328 1630 lo tanto de su menor capacidad intelectual
1310 1640 2319 1688 y en contra de un grupo satírico que pertre¬
1301 1697 2331 1733 chando de argumentos como el del raton¬
1304 1748 2319 1785 creía a puño cerrado en la inferioridad ana¬
1301 1802 1761 1842 tómica de la mujer.
1355 1852 2331 1895 Pues señores del margen, lo que entonces
1307 1906 2349 1949 no era mas que un apostolado sujeto á las
1310 1960 2328 2003 disputas del hombre, es ya un principio uni-
1316 2014 2346 2054 versal que no admiten discusión ni dudas
1313 2070 2331 2107 siquiera. La mujer ha sustituido al hombre
1307 2124 2322 2161 en todos los oficios y profesiones tanto inte-
1313 2178 2325 2215 lectuales como manuales sin desventaja al¬
1313 2233 2328 2272 guna. Hay que ir pensando en sustituir
1310 2286 2337 2322 tambien lo de sexo debil por algo mas en
1313 2339 2322 2379 armonía con la verdad y con la Gramática.
