2479 3508
197 142 403 185 Página 3
698 476 1698 531 TACTIVULIVO LA CAIDAD
1919 154 2188 191 Fémina
403 741 1155 775 Hace tiempo que una idea su-
346 792 1146 832 gió a mi mente sin que desde en-
346 844 1155 889 tonces la oportunidad me brindase
346 897 1146 940 el momento propicio para externar¬
346 954 423 991 la.
414 1032 1158 1074 Vol a darle amplio desarrollo
349 1083 1155 1122 con el fin de exortar á las demás
346 1136 1146 1179 compañeras en el sexo, a su crista¬
346 1193 850 1230 lización. Hela aquí:
403 1270 1152 1310 Existen actualmente en nuestro
361 1327 1152 1364 país infinidad de pobres sin pan ni
352 1379 1152 1418 abrigo, que pululan diariamente
361 1435 1149 1474 por nuestras calles implorando de
361 1486 1146 1525 puerta en puerta un misero men¬
355 1540 1149 1579 drugo que una mano compasiva
358 1593 1155 1630 tiende á veces otras es tan solo
346 1643 1155 1683 despedido con desden impio ese
355 1697 1149 1740 brazo que se extiende en demanda
349 1748 609 1788 de piedad!
406 1832 1155 1874 ¡Oh, los tristes que cruzan por el
352 1882 1152 1922 mundo á expensas de la humana
358 1936 558 1979 Caridad!
400 2018 1152 2057 Formulando en mi interior el
349 2068 1146 2107 santo voto de levantar esa hermo¬
358 2121 1158 2161 sa virtud, que á maravilla sienta en
349 2178 1149 2215 el alma femenina, he concebido el
358 2233 1155 2270 pían de que al organizarse en la
355 2282 1152 2321 República Dominicana el Comite
352 2334 1149 2376 de la Liga de Mujeres Ibéricas e
355 2388 1146 2424 Hispano-americanas, demos a co¬
358 2443 1152 2477 nocer como uno de sus principales
352 2496 1146 2530 fines, el de la protección a los des¬
361 2544 1152 2587 validos á esos desheredados de
355 2601 1149 2638 la fortuna. Porque debemos te¬
1244 742 2051 782 ner en cuenta que Dios ama esos
1250 797 2042 838 pobres de entre cuyos harapos e-
1244 851 2042 891 merge el perfume de la santa re¬
1244 903 2042 939 signación i la dulce humildad, é¬
1250 955 2039 997 mula del alma inmaculada del
1253 1009 1639 1043 Cristo Redentor.
1298 1088 2042 1131 Levantad vuestros ojos un
1241 1140 2042 1182 instante i contemplad el espacioso
1244 1194 2039 1230 firmamento con todas las maravi¬
1250 1248 2045 1282 llas que encierra y sabed que si
1253 1299 2036 1336 tendeis una mano amiga y genero¬
1253 1351 2039 1397 sa y levantas esos pobres cuerpos,
1247 1407 2039 1450 desposeídos de ricas vestimentas y
1241 1460 2036 1497 de joyas preciosas, sereis en cam¬
1253 1513 2033 1549 bio dueños del reino del Señor, por¬
1250 1565 2039 1605 que si su alma purificada en el cri¬
1250 1619 2036 1656 sol del pesar, esta plena de la se¬
1253 1675 2045 1712 guridad de habitar en la mansión
1247 1724 2045 1764 de la eterna felicidad, os acercareis
1241 1780 2042 1817 tambien con ellos al supremo bien
1241 1831 1522 1873 de poseerle.
1304 1909 2048 1949 Veamos como se instituye, la
1250 1963 2045 2003 Liga que nos proporciona esta sa¬
1247 2015 2048 2054 tisfacción inmensa el cumplimien¬
1244 2071 2051 2107 to del deber de hacer el bien
1247 2121 1731 2161 nuestros semejantes.
1295 2202 2045 2242 En espera de que llenes el cu¬
1253 2261 2048 2297 pón que os ofrece Pemina para¬
1247 2309 2051 2345 cooperar á realizar la magna obra
1244 2361 2054 2400 de la mujer, me despido con una
1244 2416 2051 2450 sonrisa de esperanza en vuestros
1247 2467 2045 2504 hidalgos sentimientos para realizar
1244 2518 1540 2561 este anhelo.
1298 2602 2051 2639 CONSUELO MONTALVO DE FRIAS.
