2479 3508
311 43 535 196 Fe¬
2083 133 2304 173 Página 4
623 2376 1337 2422 SRTA. GENARINA POLANCO.
561 2445 1388 2490 De los carmenes de la Ciudad Primada.
307 2687 934 2732 Era un lago azulado en sus ori¬
262 2735 940 2774 llas y verde relumbrante en su
253 2776 946 2822 centro, sus aguas al movimiento
253 2822 943 2864 causado por la suave brisa con¬
259 2867 940 2914 los hirientes rayos del astro rey.
256 2908 943 2950 simulaba una ondulación de pla¬
262 2953 940 2998 ta. Un cisme de plumaje de seda,
253 2998 931 3037 sumerjía su pico rosa, en las cris¬
250 3043 934 3082 tanas aguas y esperaba a la si¬
244 3086 949 3126 rena amiga que, acostada en la
668 2610 1292 2652 LAGO AULADOS
1104 2655 1674 2693 Para Fémina, revista de mis simpatías.
997 2701 1680 2744 arena blanca-gris de los alrede¬
997 2747 1674 2786 dores del lago, permitia las cari¬
997 2789 1674 2834 cias del cisne de ngura escultura.
1000 2837 1674 2876 que a veces seducido por su be¬
994 2878 1686 2917 lleza, parecía agonizar, después
997 2923 1680 2962 de tanto amor... con esa compa¬
1003 2965 1680 3007 ñera del del lago siempre azula¬
1000 3012 1140 3049 de....
1355 3070 1662 3108 ML. A. MENA hijo.
997 3102 1498 3144 Santo Domingo, Septiembre 1922.
1728 237 2334 277 Acuarcia puertorriquena
1895 318 2155 361 FLOR DALILA.
1761 399 2319 441 Se publicaba en Caguas
1746 444 2319 492 "La Democracia, y esta¬
1737 507 2292 546 ba hecho cargo de la de¬
1740 561 2316 597 reccion de tan importan¬
1731 611 2322 653 te diario el notable perio¬
1731 664 2319 707 dista y literato Mariano.
1731 721 1883 758 Abril.
1794 773 2310 809 Un día llegó a la re¬
1734 823 2319 865 dacción un artículo lite-
1725 879 2313 916 rario escrito por una ma¬
1731 930 2307 970 no de mujer acompanado
1731 986 2283 1023 de una carta en donde 1
1725 1039 2280 1076 autora residente en Por
1731 1091 2304 1131 ce le decía al director
1731 1145 2301 1185 quesi lo consideraba bue¬
1734 1201 2274 1235 no le diera publicidad.
1728 1248 2289 1288 si no merecía su aproba¬
1725 1303 2301 1343 ción lo echase en el cesto
1725 1354 1982 1394 del olvido.
1779 1408 2304 1448 El artículo se publicó
1725 1462 2158 1504 con unas iniciales.
1773 1516 2310 1555 Pasaron unos dias y la
1728 1569 2313 1609 autora escribió dando las
1722 1625 2310 1661 gracias y enviando otro
1722 1673 2304 1709 artículo de exquisito gus¬
1731 1724 2310 1764 to. A igual que el pri¬
1725 1778 2301 1824 mero no traía firma y
1725 1833 2319 1871 hubo necesidad de po¬
1725 1884 2313 1927 nerle en la redacción las
1728 1937 2319 1976 mismas iniciales que se
1719 1991 2310 2033 habían adoptado para el
1731 2043 1928 2086 primero.
1749 2095 2304 2134 Nuevos artículos y nue¬
1725 2145 2307 2191 vos inconvenientes para
1719 2199 2304 2245 darles nombre de padre.
1755 2255 2310 2298 En este estado de cosas
1719 2311 2307 2348 Abril le escribió a la no¬
1728 2359 2310 2405 vel escritora que lo era
1716 2418 2307 2461 la Srta. Joseamo,
1716 2470 2310 2506 suplicandole que en vis¬
1725 2522 2307 2561 ta de que no quería que
1725 2576 2316 2612 sus trabajos fuesen auto¬
1728 2627 2298 2666 rizados con su firma por
1728 2683 2310 2722 lo menos adoptase un
1725 2733 2310 2776 nombre de batalla que
1719 2787 2307 2830 la diera á conocer en el
1722 2842 2098 2881 campo literario.
1770 2893 2301 2930 Ella se excuso rundan¬
1719 2947 2298 2984 dose en que no se le ocu¬
1725 2996 2307 3039 rría ninguno y autorizan¬
1722 3055 2313 3092 do a Abril para que le
1722 3102 2310 3145 diese el pseudónimo que
