2479 3508
280 150 486 193 Página 5
1197 824 1683 882 DREYE I TRACIL.
1038 938 1292 990 ¡Oh! gracil
994 998 1107 1046 rosa
988 1062 1125 1109 frágil,
991 1121 1256 1169 Primavera
988 1186 1734 1235 fundió para tu ser todo su aroma
982 1249 1274 1297 y su belleza
988 1312 1104 1357 toda;
994 1374 1522 1419 porque en los delicados
991 1433 1188 1475 milagros
991 1490 1543 1536 de su esplendida floresta
994 1554 1149 1596 faltaba.
994 1619 1179 1662 un hada
991 1678 1418 1721 azul que presidiera
985 1739 1158 1781 aquella
985 1804 1328 1847 pompa agreste.
1041 1905 1862 1960 Y dicen que su antojo fue su muerte,
991 1972 1797 2017 porque se hallo mas gracil tu belleza
988 2035 1483 2079 que su belleza misma,
982 2099 1707 2141 y se murió de irresistible envidia
985 2156 1468 2201 la maga Primavera.....
1394 2242 1830 2294 Enrique CAMBIER.
979 2329 1558 2378 Placorís de Oriente, 1925.
226 2489 794 2540 mas fuese de su agrado.
286 2543 1227 2588 Abril que en aquellos dias había leído la
232 2594 1212 2639 obra de Lamartine titulada... donde figu¬
229 2648 1215 2693 rra una joven con el nombre de Flor Dali¬
229 2704 1230 2743 za, lo recogió y se lo puso á los artículos
226 2752 821 2803 de la Srta. Josefina Moll.
701 2819 1182 2862 María Luisa de Angelis.
471 2941 976 2990 EL PRECIO
859 3001 1179 3047 Para FEMINA.
262 3070 1224 3114 Ciertos jóvenes estudiantes se encontraron sin
226 3114 1215 3153 maestro en visperas de examen. Pensaron en-
1274 2499 2263 2538 tonces en el sabio viejo que vivía en las aruerras
1265 2538 2260 2580 de la ciudad. Podría darle las lecciones por me¬
1274 2586 2260 2619 nos interés que cualquier otro... Una tarde vinte-
1271 2631 2263 2670 ron donde el sabio, y despues de contarles sus
1268 2672 2257 2711 deseos "Sí. dijo el anciano; pero no le dijo
1271 2717 2263 2756 mas. Luego Ernesto le hablo—¿Y que desearia
1274 2756 1776 2792 Ud, por estas lecciones
1322 2828 2260 2864 —Todos, impacientes aguardaban... Calló el
1274 2869 2257 2911 viejo un momento y a poco repuso con dulzura:
1298 2917 2251 2953 Que seas buenos. Los jóvenes bajaron la ca¬
1271 2959 2155 3001 beza; pensaban que era demasiado caro....
1839 3049 2218 3095 MINON COISCOU.
1274 3117 1662 3160 New York de 1920.
1979 162 2257 208 Femina
