2479 3508
316 160 582 193 Femina
644 318 2048 357 LA JUEVO DE GUILL
495 512 2176 548 parralos de la Comerencia oral diciada en mara, Cuba, en uno de 1919
812 608 1854 646 por el Doctor recerico derriquez y Carvajal.
334 798 1313 828 Procedía máximo Gomez de familia de arraigo
1355 798 1358 828 tos en PAYAo en ELLANO, señor y que¬
286 842 1313 872 en el solar nativo. Había nacido en el pequeño
1352 845 1358 875 no del campo de la amena justa ganar uno y o¬
289 884 1301 917 valle, de cesped florido, que el Guerra baña y ata¬
292 935 1301 965 laya el Peravía, donde Bani semeja—con sus ca¬
289 977 1310 1010 sitas blancas y puleras—un rebaño de vejas de
286 1015 1295 1051 vellón de nieve. Su infancia había corrido, for¬
289 1063 1307 1102 talecciendose sobre la esmerada de menuda
298 1114 1313 1144 grama, en cerros y praderas, y cabe el colmado
1355 1120 1358 1150 mazurca era el primero. El dirigía siempre las
295 1155 1301 1189 mante de hatos y concos, en un ambiente a la
1355 1165 1358 1195 contradanzas. Presumo que fuese
292 1198 1313 1234 vez patriarca y pastoria, bajo el ala de la egloga
298 1245 1307 1278 y bajo el ala del idillo. Que sera el lorido va¬
295 1292 1000 1326 lle una Arcada feliz dominicana.
340 1389 1310 1419 De la adolescencia á la juventud, primavera de
1355 1390 1358 1423 ña.
1355 1344 1358 1374 corona insegura de la dinastia reinante en Espa¬
292 1433 1313 1466 la vida, solía ensanchar sus impresiones y sus
292 1475 1301 1508 conocimientos con sus visitas a la Ciudad Prima-
289 1523 1313 1556 da. Catorce leguas dista Ban de ese antiguo
298 1565 1313 1598 centro de cultura. Ya no le bastaba el parroco
1355 1576 1358 1607 natas que—a la luz de la luna y a los acordes de
295 1613 1313 1646 de la villa—algo mas que un cura de aldea—que
298 1657 925 1693 había mentor y maestro suyo.
1349 1666 1358 1696 ciones de amor y nostalgicas barcarolas. Algo
1355 1711 1358 1741 de Cuba suspiraba en aquel ambiente entre las
334 1756 1298 1786 A los diecocho años era ya un joven de apues¬
1355 1758 1358 1789 canciones favoritas se contaba entonces la dulce
292 1798 1301 1831 ta rigura erecto, delgado, agil y elegante. Te-
298 1842 1301 1878 nía triguena la raz, rinos los labios, los ojos ne¬
295 1890 1307 1920 gros, ondulado el cabello. Era ya el galan, mi¬
295 1929 1316 1968 mado de las damas, que en breve dió la norma
298 1972 1241 2017 en bailes, veladas, paseos, amores y amorios.
340 2072 1307 2111 Entonces fué en 18, cuando en la lleva para
292 2120 1307 2153 la tercera campaña contra la invasion haitana, se
298 2162 1298 2198 enroló con otros infantes en la caballería baile
298 2213 1307 2243 ja. Bani daba siempre el mayor contingente
307 2254 1301 2290 para los escuadrones armados de lanzas im¬
298 2296 1298 2332 chetes de cabo. Con el grado de sargento mar¬
1355 2302 1358 2332 dio de la villa no las troco en cenizas huma¬
298 2338 1307 2380 cha al campamento. Como andante caballero de
298 2383 1316 2422 la patria en peligro, entra en la lia, y concurrea¬
307 2431 1310 2467 la renidísima batalla de SANTOME, coronada
304 2475 1301 2508 por el triunfo en toda la linea, y obtiene la estre¬
307 2519 1230 2559 lla de subteniente sobre el campo de batalla.
343 2616 1316 2661 No continua, sinembargo, en el servicio de las
298 2658 1313 2702 armas. Acaso por la muerte de su padre. No
298 2705 1298 2747 luce en la paz marciales arreos. No figura acti¬
301 2750 1295 2789 vamente en la política militante. La Arcadia fe¬
307 2795 1307 2837 liz le retiene en su seno de holgada existencia un
1355 2804 1358 2834 amigo de mis hermanos. Con el mayor asista
304 2837 1203 2879 bana y campesina. Permanece en el valte.
304 2880 1212 2920 ve satisfecho en su hogar y en su feudo.
1355 2890 1358 2920 de la villa de aquel apacible y risueño Bani, de
298 2925 1310 2965 diestro cazador de palomas, al corzo y al vuelo
310 2971 1298 3013 Como un pez en el agua—ora en los tres cuar¬
307 3016 1313 3055 cos" ora en la piedra del chivo"—se sumerje a
298 3061 1310 3103 diario y nada en ambas boyas del empedraderio.
298 3108 1227 3144 Jinete, en su corcel criollo, era de verlo en
301 3151 1310 3187 corridas de sortijas en las corridas de ma¬
1358 798 2391 831 tos en PAYAo en ELLANO, señor y que¬
1358 839 2388 875 no del campo de la amena justa ganar uno y o¬
1361 886 2392 917 tro lauro y recibirios con donarre de vencedor.
de las manos canelas de una gentil payesa.
1358 978 2263 1011 de las manos canelas de una gentil payesa.
1364 931 2390 965 ya de las blancas manos de una linda llanera, ya
1397 1077 2390 1108 Era un balador sin emulos. En vas, pola
1358 1120 2390 1153 mazurca era el primero. El dirigía siempre las
1358 1165 2389 1198 contradanzas. Presumo que fuese
1367 1206 2394 1240 án banilejo, quien ensayo en Bani los lanceros,
baile en boga llevado al país cuando la inconsul¬
1358 1257 2391 1293 baile en boga llevado al país cuando la inconsul¬
ta reincorporacion de la antigua Española á la
1358 1387 1427 1423 ña.
1358 1344 2388 1374 corona insegura de la dinastia reinante en Espa¬
1358 1302 2385 1332 ta reincorporacion de la antigua Española á la
1397 1487 2394 1523 El iba el amante de la música y trovador noc¬
1361 1529 2391 1562 turno, alta la noche, en el grupo cantor de ser¬
1358 1576 2384 1608 natas que—a la luz de la luna y a los acordes de
tiples o guitarras—sola desgranar a duo, can¬
1358 1663 2397 1696 ciones de amor y nostalgicas barcarolas. Algo
1358 1711 2387 1741 de Cuba suspiraba en aquel ambiente entre las
1358 1622 2387 1655 tiples o guitarras—sola desgranar a duo, can¬
1368 1803 1821 1838 amorosa bayamesa.
1358 1758 2391 1810 canciones favoritas se contaba entonces la dulce
1403 1894 2391 1930 Puso tambien su pluma al servicio de las acti¬
1361 1941 2382 1977 vidades de la vida civil en diversas funciones pu¬
1361 1983 2391 2019 blicas locales. El Jefe comunal, el Jueza¬
1361 2034 2373 2064 calde, el Sindico municipal y el cura de almas va¬
1361 2077 2382 2111 llanse a menudo de su penda para actas y co¬
rrespondencia. La huella de su pluma podría
1358 2123 2391 2165 rrespondencia. La huella de su pluma podría
1361 2167 2373 2198 rastrearse, quizas con exito en llegajes de la de¬
1361 2210 2394 2243 fatura, de la Alcalda, del Ayuntamiento y de la
1361 2257 2379 2290 Parroquia. Talvez haya por alli-si el doble incen¬
1358 2302 2391 2344 dio de la villa no las troco en cenizas huma¬
nas hojas dispersas, de su juvenil pisario e¬
1358 2347 2373 2377 nas hojas dispersas, de su juvenil pisario e¬
do no a su bicu corazón amartelado.....
1358 2438 2251 2474 do no a su bicu corazón amartelado.....
1364 2392 2382 2422 rótico, arrancadas a la rosa de su rantasía, cuan¬
1397 2524 2200 2560 Tal la juventud del simpático banilejo.
1403 2623 2391 2662 Al final de ese período de su existencia—cuan¬
1361 2667 2390 2709 de aun no había salido yo de la adolescencia y
1364 2676 2390 2748 hallabame en vacaciones escolares fué mi cono¬
1364 2759 2394 2801 cimiento personal de MAXIMOGOMEZ. Elera
1358 2804 2387 2837 amigo de mis hermanos. Con el mayor asista
yo a la última gran fiesta tradicional del valle y
1358 2849 2386 2880 yo a la última gran fiesta tradicional del valle y
1358 2890 2387 2927 de la villa de aquel apacible y risueño Bani, de
1361 2935 2388 2968 vida patriarcal giógica, tal como perdura en -
na novela de la epoca. Conservo bastante vivas las
1358 2983 2388 3017 na novela de la epoca. Conservo bastante vivas las
1364 3028 2389 3061 impresiones de ese fin de año, 1862, en el cual se
1364 3075 2370 3108 prolongo la rumbosa fiesta, una y campestre,
social y religiosa, la octava de la Virgen de Re¬
1358 3114 2370 3147 social y religiosa, la octava de la Virgen de Re¬
1367 3163 2164 3199 gla hasta Pascuas y Reyes....
2134 151 2334 187 Página o
