2479 3508
243 140 419 190 Página7
1988 155 2213 208 Fémina
353 296 1055 351 DEL CAMILINO.
715 392 1185 448 Para "Femina"
304 562 1200 621 Cuando sin razón me acusan no
195 616 1191 675 siento deseos de defenderme sino de des¬
195 670 340 723 deñar.
276 741 1212 806 11 Damos al mundo lo que más quere¬
195 801 1197 861 mos precisar en nosotros, como acentuando
191 856 619 911 nuestro propio sér.
256 935 1200 996 IIl Cuando se anhela la paz se desea la
191 987 361 1042 muerte.
258 1070 1194 1129 IV El carácter es un producto reflejo de
191 1123 716 1179 nuestra vida consiente.
319 1204 1192 1260 El pesimismo es el cementerio de
192 1255 403 1309 los vivos.
270 1335 1191 1394 Los momentos de nulidad son los de
189 1388 1186 1448 indiferencia. En nuestro mundo interior
191 1438 1185 1502 debe haber una atención constante y cierta.
244 1522 1183 1581 VII Busca la sabiduría en el fondo de tí.
222 1600 1189 1660 VIII Conoces la belleza cuando tu alma
192 1653 1182 1711 es bella. Jamás se llega á la verdad sin po¬
188 1697 203 1750 S
189 1706 326 1760 seerla.
250 1788 1191 1847 IX La vida exterior es una máscara:
188 1837 1188 1900 un fantasma que ríe y llora de su propia
186 1891 388 1947 mentira.
274 1973 1185 2032 X Aquel que se encierra en sí mismo
185 2023 1076 2087 vive en límites seguros, pero estrechos.
795 2119 1128 2175 DELIA WEBER.
183 2194 691 2254 Santo Domingo, 1919.
1297 450 2246 508 Avalorado por un importante prólogo de nues¬
1253 493 2246 561 tro bibliografo Don Federico García Godoy y
1259 537 2245 600 por una alegórica caratula del dibujante Foto.
1255 581 2249 642 hemos recibido un ejemplar del volumen que
1253 628 2246 687 acaba de lanzar a la publicidad el culto e ilustra¬
1252 668 2240 730 do escritor dominicano Don Joaquin S. Inchans¬
1230 726 2246 780 tegui, Director de nuestro colega Ecos del va¬
1256 752 1300 811 Y
1292 805 2249 863 De mi Huerto es el título de la obra. En sus
1253 850 2248 911 páginas el autor ha vaciado lo más valioso de su
1253 892 2219 952 bagaje de pensador, de periodista y de literato.
1295 937 2236 994 Dos faces muy distintas ofrece el libro que te¬
1247 979 2236 1039 hemos a la mano. En la primera parte el escri¬
1249 1026 2243 1084 tor, con la mano sobre el corazón, nos habla de
1247 1070 2246 1129 la familia, de la Sociedad y de la Patria, poseido
1252 1116 2242 1172 por la convicción del triunfo de los nobles anhe¬
1246 1158 2243 1215 tos que se vislumbran en los futuros destinos de
1247 1201 1951 1260 nuestra embrionaria nacionalidad.
1285 1247 2239 1306 En la segunda parte el autor ha intentado im¬
1249 1292 2245 1349 primir a sus trabajos un sello de pesimismo que
1247 1335 2234 1394 está en contradicción con la naturaleza y carác¬
1249 1379 2240 1439 ter de pensador, quien ha producido bellas pági¬
1246 1423 2237 1487 nas que no tienen otra acritud que la de coplar y
1244 1468 2242 1526 no crear impresiones. Y bien se sabe que una
1244 1513 2239 1572 sonrisa se alcanza con muchas lágrimas, que un
1243 1556 2239 1615 momento de placer no recompensa nunca los
1255 1603 2240 1657 randes dolores, que un bien se recibe cuando
1246 1644 1879 1700 el mal ya nos tiene sobornados.
1285 1689 2231 1747 Inchanstegui posee un temperamento reposa¬
1237 1732 2233 1790 do reflexivo y de observación y de estas cualida¬
1241 1776 2237 1836 des saca grandes ventajas para externar sus
1243 1822 2237 1878 ideas propias, sustentadas con la serenidad de
1241 1865 2189 1923 sus razonamientos de una filosofía escolástica.
1283 1912 2227 1966 Estimamos, pues, en gran precio, el nuevo es¬
1241 1955 2225 2011 fuerzo intelectivo del autor de ofrenda Patri¬
1240 1998 2237 2057 cia, exhortándolo a laborar con su pluma en el
1237 2043 2239 2099 mismo género de trabajos que tan felizmente
1238 2086 1394 2139 maneja.
1279 2131 2227 2187 Para la imprenta editora, propiedad del orfe¬
1234 2173 2227 2232 bre E. M. Casanova N. nuestros mas encomás,
1234 2218 2233 2276 ticos elogios por la excelente presentación del
1237 2262 1925 2320 volumen que motiva esta crónica.
386 2388 977 2445 Día de Difuntos.
220 2552 1177 2621 Desata acaso la muerte los lazos de amor y
170 2603 1177 2668 estimación que unen a los hombres? No. la
174 2658 1177 2721 muerte los estrecha de un modo indisoluble: ella
176 2710 1171 2772 los defiende de la inconstancia y de la inconse¬
170 2764 1177 2824 cuencia: ella los asegura contra los valvenes de
171 2818 1177 2881 la fortuna: ella, en fin, los pone a cubierto del
174 2870 1174 2932 frenes de las pasiones. A lo menos, de los
173 2925 1165 2986 muertos, no hay que temer esta ingratitud es¬
165 2979 1168 3042 candalosa, esta alevosía cruel que tan amarga y
170 3034 1121 3095 frecuentemente experimentamos de los vivos.
910 3118 1130 3175 QUINTANA.
1556 2398 1888 2436 DEL ALIA
1367 2467 1962 2520 De irizado cendal diamantino
1668 2512 2089 2568 es la hermosa cauda
1362 2555 2037 2611 de la reina triunfal de mis rimas
1668 2601 2060 2657 amantes y pálidas.
1367 2670 2143 2727 Cómo olvidarla, cuando en mis noches
1667 2716 2040 2769 de llantos acerbos
1359 2756 1973 2812 como mística alondra acaricia.
1361 2801 2043 2859 el doliente crespón de mis duelos
1365 2852 2031 2903 y perfumes de nardos me ofrece
1376 2894 2046 2947 para el lecho fatal de mis sueños.
1665 2964 2042 3017 Los tristes poetas
1362 3006 2076 3065 dulcemente la nombran "Tristeza"
1362 3050 2006 3105 a esa reina gentil de mis versos
1798 3125 2168 3175 F. OSVALDO BAZIL
