2479 3508
313 161 579 197 Femina
653 259 1298 298 Santo Domingo, Oct. 18, 1923.
274 328 826 370 Srta. Petronila A. Gómez.
274 399 483 441 Señorita:
325 466 1295 500 Yo ruego a usted publique en su revista "Fé¬
274 520 1289 550 mina organo unico en este nuestro país, defen¬
274 562 1301 595 sor de los derechos femeninos, este trabajo que
274 606 1289 636 adjunto, (1) y cuyo autor es el magnífico escritor
286 648 1286 684 español Cristobal de Castro. Le estarealtamen¬
277 696 1286 732 te agradecida si atendiendo a mi suplica, da U.
277 744 1298 774 a conocer a nuestro publico este artículo que nos
280 786 862 819 hace tan merecida justicia.
322 829 1298 863 Señorita: Estoy mas que segura de que dicho
277 872 1289 905 artículo conmoverá á usted en cuanto a mi creo
280 914 1298 953 ¡Que cuando el feminismo triunfe de todo, el
283 961 1277 995 mundo será tan perfecto, como lo sería el cuer¬
283 1010 1289 1045 po si ambas manos fueran igualmente diestras
701 1054 1086 1087 De Un servidora
695 1122 1250 1161 Mignon Coiscon Henriquez.
334 1183 1295 1216 IIl Se refiere al magnífico trabajo que hemos publicado en el
274 1210 552 1246 sitio del Editorial.
274 1363 988 1402 Srta. Mignon Coiscon Henriquez,
495 1411 847 1450 Santo Domingo.
280 1474 731 1519 Distinguida señorita:
328 1549 1301 1586 El artículo recomendado por usted ha sido
277 1595 1283 1631 colocado en el lugar del Editorial, pues, en ver¬
280 1636 985 1675 dad dicho trabajo es importante.
325 1681 1292 1723 Señorita: La obra de emancipación social y
289 1732 1286 1762 política de la mujer, necesita de elementos, que,
289 1771 1301 1810 como usted, conozcan el importantísimo papel
280 1819 1295 1855 que esta llamada á desempenar la mujer, tanto
280 1860 1024 1899 dentro del hogar, como fuera de el
632 1907 955 1947 De UM. S.S.S.
853 1976 1265 2018 Petronita A. Gómez.
2119 155 2319 191 Página 8
1519 281 2197 322 LICO. POR LIMO Sánchez.
1385 397 2361 430 En pagina de honor hemos puplicado el graba¬
1340 442 2367 478 do del prominente ciudadano Ledo. Don Elladio
1343 487 2367 523 Sanchez. Falta en esa pagina citar su limpia
1340 535 2358 568 hoja de servicios como político; pero á Don la¬
1346 577 2361 613 dio le sobra la modestía y no quiso racilitarnos
1349 624 1630 657 dichos datos.
1388 665 2361 702 Sinembargo, hemos podido averiguar, que
1337 710 2367 744 aparte del Maestro Normal y el Agrimensor
1346 756 2370 792 Publico, se ha elevado por escala a los dignos
1343 798 2358 839 puestos de Presidente del Ayuntamiento, Go¬
1343 845 2364 881 bernador de la Provincia, Diputado al Congreso
1352 890 2361 923 Nacional, Secretario de Estado de Hacienda y
1346 935 2361 965 Comercio, cargos que ha ido desempeñando por
1343 983 2370 1013 una bonita escala, que pien podríamos lamar
1343 1027 1689 1057 escala de honor.
1385 1069 2355 1102 Actualmente es Presidente de la Junta Pro¬
1343 1114 1776 1144 vincial de la Alianza.
1385 1162 2364 1192 Saludamos respetuosamente al conmorado
1337 1202 1582 1241 ciudadano.
558 2095 1071 2134 BECIN
1152 2098 2101 2143 EFELICAPIA
328 2227 1304 2261 La cuestion limites.—Con este título ha llegado á
286 2269 1301 2308 nuestra mesa de redacción un libro cuyo autor
289 2314 1304 2350 es el ilustrado jurisconsulto Don Moises García
295 2356 429 2392 Mella.
337 2404 1301 2443 Dicho libro trata de la cuestion de los limites
286 2446 1304 2485 fronterizos, que separa esta Republica de la
289 2487 841 2529 vecina república de Haltí.
337 2538 1298 2571 Dadas las deliberaciones á que ha estado su¬
286 2577 1304 2613 bordinada tan trascendental cues este libro
286 2622 1295 2658 tiene que ser muy importante, y requiere por
286 2663 1301 2708 tanto que se lea con exclusiva atención. Ya nos
286 2711 1301 2750 ocuparemos detenidamente, y damos las gracias
289 2757 635 2793 por el obsequio.
286 2889 946 2931 Sr. D. M. de Jesus Lluveres,
295 2960 985 3002 Director General de Agricultura.
286 3005 638 3044 Santo Domingo.
295 3074 597 3116 Muy Sr. mío:
331 3146 1310 3188 Acusamos a Ud. recibo de su atenta de fecha
1343 2231 2367 2264 23 del mes que nanza, y damos se agra¬
1352 2278 2373 2308 cias por el envío de los tres ejemplares de su
1349 2319 2367 2350 interesante revista de Agricultura, correspon¬
1352 2364 2394 2407 dientes a los meses de Julio, Agosto y sobre.
1355 2413 1468 2443 pios.
1388 2455 2367 2485 Tendremos mucho gusto en dejarle complaci¬
1343 2495 2364 2532 do, estableciendo el cange con nuestro periódico.
1403 2660 2361 2691 De mi fuerto—«A Petronila A. Gómez, porque
1352 2705 2367 2738 amerita sus cualidades virtuosas e intelectivas
1352 2747 2361 2780 frente al movimiento feminista de su leda re¬
1343 2789 1725 2825 vista.»—El Autor.
1394 2837 2367 2873 Con esta dedicatoria, que agradecemos, nemos
1349 2878 2367 2917 recibido el interesante libro intado De -
1343 2926 2370 2959 Huerto de la pluma facil y galana deladado
1346 2968 2089 3004 escritor Don Joaquin inchaustegui¬
1391 3012 2364 3049 En merecimiento ese trabajo de su autor,
1349 3064 2364 3094 publicamos en otro lugar de esta edicion unas
1349 3102 1776 3135 notas bibliograficas.
1391 3148 1877 3193 Felicitamos a su autor.
1528 1340 2158 1382 L de DURADO
1385 1472 2367 1505 Día de entregarnos á hondas renexiones.
1343 1517 2373 1550 Día en que nuestras ansias mueren, porque todo
1343 1559 2361 1592 lo grande á que podamos aspirar nos parece de¬
1346 1610 2373 1640 llenable o inual desenvolvimiento de nuestra
1346 1648 2361 1681 vida. Día en que debemos meditar sobre aque¬
1337 1696 2376 1729 lla sublime máxima de escristo: No hagas
1337 1741 2367 1771 a otro lo que no quisieras te hicieran ato. En
1346 1783 2361 1819 que debemos pensar en equilibrar nuestras ra¬
1346 1828 2370 1864 cultades físicas, morales e intelectuales en el
1340 1872 2364 1905 cultivo de la virtud y en el ejercicio del bien.
1346 1918 1794 1954 nuestros semejantes.
2048 1979 2331 2018 P. A. Gómez.
