2479 3508
214 135 420 171 Pagina 3
352 302 2089 386 A COOPOLUCOSCUCOO
226 574 1194 616 Cupon feminista.—Hemos visto con placer el interés
185 615 1194 654 con que la mujer dominicana ha acogido nuestro
185 663 1188 699 laudable proyecto de la fundación del Comité fe¬
182 705 1185 744 minista en la República Dominicana. Contamos
188 756 1191 792 ya con cierto número de damas cultas, adeptas
179 795 1176 834 nuestra causa, sabemos de caballeros que es¬
188 842 1041 875 tan dispuestos a ayudara esta gran obra.
229 884 1185 923 Restablecida en su salud nuestra redactora
182 923 1176 968 C. Montalvo de Prias, que era lo que esperaba¬
188 971 1182 1016 mos para seguir laborando de comun acuerdo,
179 1012 1182 1054 volvemos a publicar nuestro cupo pro¬
179 1060 1188 1102 mos dandole forma viva a la obra que tan alta
179 1102 1173 1144 finalidad conlleva a que tan en alto habra de po¬
185 1147 976 1186 ner el nombre de la mujer dominicana.
220 1192 1185 1237 Ledo. J. COCuchital como se la mercia, la
179 1236 1179 1278 recepción hecha en esta ciudad al Lado J. Col¬
179 1278 1185 1323 Cuchi demas acompañantes, fué un éxito que
182 1323 1185 1365 correspondió a la complacencia que dicho señor
182 1371 1176 1410 nos dispensó, de deleitarnos con su verbo recu¬
176 1413 531 1452 do, facil galano.
229 1457 1173 1499 El Comité nacionalista y la Prensa macorisa¬
173 1499 1176 1538 na integraron el Comité organizador de los fes¬
179 1541 1170 1583 tejos que se hicieron en honor de los ilustresi¬
185 1589 716 1631 sitantes puertorriqueños.
214 1633 1176 1675 El culto publico macorisano conserva el re¬
179 1675 1188 1717 cuerdo de la agradable noche del 22 del te en
179 1723 1176 1762 que se celebró la Velada—Conferencia que cul¬
182 1762 1185 1807 minó con el triunfo mas completo del insigne¬
182 1813 543 1846 orador festejado.
229 1851 916 1893 Fémina que siempre tiene los
946 1863 1185 1896 mas vivos
173 1893 1170 1938 elogios para todo lo que reviste cultura intelec-
182 1941 1182 1986 tual, presenta un cordial i respetuoso saludo al
173 1983 1176 2031 elocuente orador Col Cuchi, al poeta Miranda y
179 2031 1092 2073 a las demas personas que les acompañaban.
217 2075 1176 2114 Panfilia.—Sigue interesando al publico la lectu¬
182 2117 1179 2159 ra de esta importante revista que dirige en la
179 2159 1179 2204 Capital el Sr. Rafael V. Montalvo. Ahora, se
179 2204 1179 2249 nos presenta con una nueva portada que hace
185 2251 728 2290 muy atractivo su formato.
268 2299 1173 2338 Que siga en progresos son nuestros deseos.
217 2335 1167 2377 Una labor de provecho. La directora del Refu¬
173 2383 1167 2419 gio Municipal de Huertanos se complace en de¬
173 2428 1179 2470 dicar esta sencilla posta á la Srita. Petronila
176 2472 1179 2511 Angélica Gómez digna Directora de la revista
179 2508 1170 2553 FEMINA", entusiasta defensora de las activi¬
173 2559 1170 2592 dades nobles del sexo femenino, y muy espe¬
179 2604 1167 2646 cialmente de toda obra caritativa i edificante
214 2649 1170 2691 Con esta atenta dedicatoria que agradecemos,
176 2693 1173 2732 la Directora del Refugio Municipal de Huerta¬
173 2735 1179 2774 nos nos ha obsequiado amablemente con una
176 2786 1179 2816 postal que representa un sugestivo grupo de sus
176 2822 1170 2861 amadas discipulas, fotografía tomada en un mo¬
179 2867 1164 2908 mento en que dicho grupo trabajaba, acompaña
170 2908 1179 2953 do de su digna Directora, en clase de costura
164 2956 337 2995 a mano.
217 3001 1179 3037 Es plausible la labor de este plantel de ense¬
173 3043 1182 3085 nanza, y merece por tanto la ayuda del Gobierno
167 3090 707 3129 1 de los padres de familia.
217 3138 1173 3168 Damos las gracias por su envio a la infatigable
1230 583 2239 625 Sta. Adena Gonzalez (Sor Amparo), Directora
1230 627 2227 666 del citado plante, y le dirigimos un sincero a¬
1238 678 2227 711 plauso a ella á sus dignas compañeras de labor.
1268 717 2230 753 Kamon via Morel—Cas repenuinamente ha rendido
1236 762 2236 801 la jornada de la vida en la ciudad de Santiago, el
1236 804 2224 842 Sr. Ramon Vila Morel noble do ca¬
1233 845 2236 890 ballero que laboraba rente á la dirección del
1230 899 2125 929 prestigioso colega El Diario de Santiago.
1271 938 2233 977 Lamentamos profundamente la irreperable
1241 986 2227 1019 perdida q. experimenta la sociedad Santiaguen¬
1230 1024 2230 1060 se enviamos nuestro pesamena sus artigidos
1230 1069 1391 1102 deudos.
1268 1114 2230 1153 Esponsales—Dos cultos apreciados jóvenes de la
1233 1159 2218 1192 sociedad capitalena, se han hecho mutua prome¬
1236 1201 2224 1237 sa de amor. El correcto enteligente Ledo, Da-
1233 1248 2224 1281 mían Baez B. 1 la espiritual culta Sta. Pura Pe¬
1230 1290 2230 1326 llerano Amechazurra, nija de nuestra estimada
1230 1335 2146 1371 colaboradora Doña Isabel A. Vda. Pellerano.
1277 1380 2218 1413 Deseamos que pronto vean convertidos en ul¬
1230 1419 2146 1457 ce realidad sus hermosos sueños de ventura.
1268 1475 2224 1508 Condenado á muerte —Un espectáculo profundamen¬
1236 1520 2218 1553 te conmovedor, de esos que siembran consterna¬
1233 1565 2224 1598 ción en el alma de todo ser humano, tuvo efecto
1233 1607 2224 1643 en la tarde del 2 de este mes: La ejecución del
1230 1651 2218 1684 desgraciado criminal durío Gonzalez, en una co¬
1230 1696 2101 1732 lonía del ingenio santa Fé de esta ciudad.
1271 1738 2230 1780 Protestamos contra semejante procedimiento,
1233 1786 2224 1822 opinamos que esas mismas leyes dominicanas
1236 1831 2224 1867 que aplican que se pague una vida con otra vida,
1230 1872 2221 1908 como único recurso a la disminución de la cri¬
1230 1917 2233 1950 minandad, deben estudiar por todos los medios
1238 1965 2227 1998 posibles las causas de esta grave enfermedad
1230 2004 2230 2043 social, tratarla en sus manifestaciones morales
1233 2048 2218 2084 patológicas, a fin de poner en práctica su cu¬
1233 2090 2224 2129 ración, con procedimientos mas saludables para
1238 2135 2230 2171 a sociedad, mas humanos para la justicia de los
1230 2180 2224 2213 hombres imas morales para la conciencia pu¬
1265 2275 2230 2314 Nuevos aniversaros—Nuestros estimados colegas
1230 2320 2224 2353 locales. La Prensa sa¬
1224 2365 2233 2401 caban de entrar el primero en el bo
1224 2407 2227 2443 el co año de vida laboriosa. Con tal motivo re¬
1236 2452 2221 2490 mina los felicitales desea celebre muchos ani¬
1227 2493 2212 2535 versarios mas de vida útilena, para pres
1224 2538 1991 2577 tigio de Macoris, iben de la Patria.
1265 2610 2227 2646 Nuevos vastagos—Nuestra estimada amiga y cola¬
1227 2658 2224 2691 boradora Sra. Haydee C. de Rivera, acaba de
1224 2699 2221 2735 obsequiar á su esposo con un hermoso niño que
1233 2741 1916 2777 llevará por nombre Hamenegido.
1271 2789 2221 2822 Nos unimos a la alegría de los dichosos papas,
1224 2831 2224 2867 deseandoles que vean a su niño crecer con toda
1227 2875 1412 2905 felicidad.
1274 2920 2218 2953 Tambien el amigo Pepe Cabruja Viñas esta lo¬
1224 2965 2224 2998 co de contento, pues su esposa Una. Emilia de
1233 3007 2218 3037 Cabruja le ha regalado una hermosa muñeca vi¬
1230 3052 2224 3085 viente, que nació el día 16 de este mes que se
1236 3096 1797 3129 llamara Josefina Mercedes.
1268 3141 2167 3174 Nuestra ennorabuena á los felices padres.
1943 153 2206 189 Perra
