2479 3508
298 102 546 145 FEMINA
698 391 1851 437 Tada Leganada¬
1098 475 1477 521 Fundada en 1893
889 565 1695 617 DE GARCIA Y GUERRERO.
441 633 1065 679 Separación 76. Apartado 230.
1650 639 2131 682 Santo Domingo, R. D.
361 742 2221 784 Distribuidores de: Lastman Kodack Co., constante surtido de material foto¬
295 800 2215 840 gráfico de esta conocida marca. Estamos en condiciones de atender cualquier
716 851 1868 896 orden por artículos farmacenticos o fotográficos.
394 1314 2197 1363 IIIGULITIOIOSICIOS
1916 1708 2137 1751 CAMION
1943 1780 2116 1826 550.00
1161 2060 1274 2103 A
394 2855 991 2912 E. C. Lescanorn.
391 2965 1068 3020 San Pedro de Macorís, R. D.
495 2210 2203 2253 La demanda del automóvil FORD na aumentado tan grandemente en el
388 2257 2200 2303 mundo entero que en la actualidad se estan rabricando mas de 7,000 carros
391 2310 871 2358 FORD diariamente.
504 2387 2191 2442 El carro FORD ha sido probado por varios anos y sus servicios han sido
397 2456 2188 2490 y son tan eficientes que la demanda aumenta constantemente. Ultimamente
394 2498 2191 2544 este automóvil cuenta con muenas mejoras, pero su precio no na surrido.
394 2545 2203 2600 cambios. No haga experimentos con su dinero: compre lo conocido y este
397 2602 2194 2651 seguro de que hace una buena inversión. El carro FORD ha sido probado
394 2664 2191 2706 por muchos años. Sus meritos son reconocidos universalmente. Si desea
397 2709 1719 2757 estar seguro de una buena inversión, compre un POR
1424 2866 2188 2915 Altas Commercial Co.
1558 2977 2089 3023 Santo Domingo, R. D.
