2479 3508
1946 117 2188 186 FEMINA
525 310 1889 385 M. ALPARO REYES CO.
955 402 1483 469 APARTADO No. 40.
838 480 1585 553 San Pedro de Macorís, R. D.
322 640 1949 692 Grandes almacenes de ferretera, quincallería y almacen de muebles.
322 697 1931 746 Material de construccion, artículos sanitarios. Pintura, Barnices.
337 748 2161 800 Valvulas, check, tornillos, remaches, Empaquetaduras, tubería, hierro, bron¬
346 801 1462 844 inyectores y demas respuestos de maquinaria.
316 854 2083 908 Haga su pedido hoy mismo. Nuestros precios no admiten competencia.
525 1059 1922 1144 FOSCIOTOTECA
755 1179 1671 1258 Importador Almacenista.
680 1373 1764 1449 Ventas al por mayor y al detalle.
420 1486 1110 1562 Calle "27 de Febrero No. 6.
1203 1492 2009 1562 — San Pedro de Macorís, R. D.
561 1970 1910 2049 COLUNIDOR LLE
394 2292 2095 2356 Servicio regular entre el puerto de New York y los
322 2371 1815 2443 de la República Dominicana, quincenalmente.
394 2454 2098 2517 Aceptamos carga para cualquier puerto Europeo con
319 2532 1871 2598 trasbordo en New York a tipo de fletes módicos.
391 2617 1486 2687 Para cualquier informe diríjase a
1161 2741 1943 2805 FREDERIO SUMA.
1406 2823 1946 2886 AGENTE GENERAL.
310 2943 1421 3016 San Francisco núm. 11, Sto. Dgo.
