2479 3508
304 105 564 162 FEMINA
576 367 2036 438 BULL INSULAR LINE INO.
638 509 1943 576 SERVICIO DE SANTO DOMINGO
447 633 2257 678 Servicio regular de vapores de carga entre New York y los puertos de la
346 687 609 729 República.
447 769 2254 812 Aceptamos carga para y de puertos europeos bajo conocimientos corridos,
343 822 1665 865 con trasbordo en New York a tipos corrientes de lletes.
441 900 2257 943 Servicio semanal de carga y pasaje entre Macoris, San Juan, P. R. e Islas.
352 950 2263 996 Virgenes con salida de este puerto todos los miércoles a las nueve de la mañana
346 1007 2260 1043 directamente a San Juan, con el vapor CATERINE modernamente preparado
349 1061 2257 1104 para el transporte de pasajeros y carga de cualquier peso. Camarotes comodos
349 1121 2257 1160 y ventilados. Comodidades para pasajeros de la clase de diferente valor, y pa¬
340 1172 1698 1205 sajeros de tercera esterrage á sus hasta san Juan, P. R.
444 1242 2257 1287 Oficina de la Compañía, Edificio Armenteros, Avenida España San Pedro
343 1300 2260 1340 de Macoris, o a cualquiera de nuestros agentes en la Republica, Puerto Rico, o
346 1354 1522 1397 en la oficina Central: 40 West Street, New York.
447 1422 2254 1470 CABLE DAFTON: MACORIS, SANTO DOMINGO SAN JUAN, NEW
340 1476 537 1527 YORK.
519 1939 2092 2021 CIACCIO POLESE
426 2237 2271 2316 Vapores de pasajeros y carga en servicio regular entre
340 2348 2113 2427 los puertos de la República y el de New York, E.U.
420 2461 2263 2540 Vapores de carga para fletamentos ocasionales a tipos
349 2575 2271 2648 convencionales. Para informes de toda clase dirijase a la
737 2733 1880 2815 Oficina Central, 25 Broadway, NEN YOR.
513 2844 2095 2919 O a la Agencia General, 15—Colón—(altos», STO. DOMINGO.
1313 3005 1564 3047 DYCEL
1719 3001 1982 3046 New York.
665 3005 1277 3078 Direcciones Telegráficas:
1322 3059 2063 3101 (OLISANIO Sto. Domingo.
