2479 3508
1459 83 2209 160 Archive Ceneral de la NI
946 333 1648 387 ENINA
573 498 1982 554 REVISTA DE LITERATURA, CIENCIAS Y ARTES
859 555 1698 617 CONSAGRADA A LA MUJER.
916 674 1642 727 DIRECTORA ADMINISTRADORA:
803 725 1761 787 PETRONILA ANGELICA GOMEZ
1098 790 1462 843 Maestra Normal.
1110 907 1447 957 REDACTORES:
800 958 1761 1020 MARIA L. ANGELIS DE CANINO.
376 1023 2182 1076 PETRONILA A. GOMEZ, CONSUELO MONTALVO DE PRIAS.
859 1164 1677 1217 San Pedro de Macorís, Mares 31 de 1923
286 1167 486 1226 año 1
2054 1167 2271 1223 No. 16
501 1394 2033 1447 Acerca del Sentido de la Palabra
949 1528 1600 1578 EDUCACION
322 1722 403 1784 E
459 1722 1250 1778 DUCACION es una palabra muy
283 1746 414 1820 A
477 1782 1247 1838 común por lo muy usada y cono¬
336 1788 429 1857 A
480 1835 1253 1888 cida, tanto por los humildes co¬
480 1889 1253 1945 mo por los de encumbrada posi¬
343 1918 450 1981 A
477 1940 609 1999 ción.
298 1994 1256 2053 Sinembargo; cuán pocos conocen el
247 2050 1259 2103 verdadero sentido de tan sencilla palabra!
247 2101 1247 2157 es muy corriente confundirla con la instru¬
247 2155 1253 2211 ción, aunque muy lejos están la una de la
238 2212 1259 2262 otra. Se puede ser altamente instruido y poco
238 2262 1259 2315 o nada educado, o por el contrario, ser un
250 2313 1250 2369 modelo de educación y poco o nada instrui¬
238 2373 322 2429 do.
292 2421 1265 2477 La educación es necesaria á todas las
244 2477 1250 2533 personas y muy esencialmente á la mujer,
250 2534 1247 2587 por ser ella la encargada de dirijir el hogar,
244 2582 1256 2635 con la dulzura, prudencia y adnegación que
244 2636 1256 2688 debe poseer, sobre todo como madre, en
238 2683 1256 2742 cuvo caso está obligada á transmitir con a¬
241 2743 1256 2793 cierto tan delicada materia, pues no se crea¬
238 2794 1256 2850 que es tan fácil educar dado lo difícil que
238 2844 1247 2900 es penetrar el corazón humano y el compli¬
247 2904 1149 2954 cado organismo moral de las personas.
298 2952 1265 3008 Mas, las madres, cellosas vigiladoras de
238 3006 1259 3062 sus hijos, pueden estudiar facilmente las
238 3059 1256 3115 inclinaciones de los pequeñuelos, y corresir
257 3110 1250 3168 y guiar por el mas recto sendero la impre¬
241 3167 1256 3220 sionable alma de los llamados a ser los fu¬
331 1653 414 1715 E
262 1671 334 1730 I
1301 1722 2307 1775 turos fundadores de los hogares del mañana.
1352 1770 2307 1826 Yo que soy joven aun, no culpo los erro¬
1295 1829 2307 1885 res que comete la inconsciente juventud,
1310 1877 2307 1936 sino á los débiles o mal preparados padres,
1298 1934 2310 1987 que no han dedicado el tiempo necesario á
1298 1985 2316 2035 estudiar y encaminar el carácter de sus
1301 2041 2310 2094 hijos e indicarles el camino de la virtud;
1307 2092 2313 2151 porque son los padres, ayudados por los
1304 2146 2313 2199 maestros, los encargados de dirigir á sus
1295 2203 1650 2253 recomendados.
1349 2253 2316 2303 Deben educarse los hios, con relación á
1310 2301 2307 2357 su sexo, en debida forma, tanto por el pro¬
1310 2358 2307 2411 pio, cuanto por el ageno bienestar, ense¬
1304 2409 2310 2462 ñándoseles á amar á sus semejantes, para
1307 2462 2313 2521 que los malos sentimientos tales como el
1304 2510 2313 2572 egoísmo, la envidia y otras análogas pasio¬
1301 2570 2313 2623 nes corruptoras de la sociedad, no arraiguen
1301 2621 2310 2677 en sus tiernos corazones, y veremos como
1301 2674 2307 2727 esas almas inocentes bien impresionadas por
1301 2728 2310 2781 las máximas de su buena madre, marcharán
1304 2785 2310 2835 con paso firme por el camino más recto para¬
1301 2839 2304 2889 llegar al verdadero punto que se persigue,
1304 2889 2310 2945 que es la solución del problema que, á mi¬
1295 2940 2313 2993 criterio encierra el verdadero sentido de la
1301 3000 1922 3050 sencilla palabra educación.
1436 3083 2254 3136 ENRIQUETA MAGGIOLO DE CRUZADO.
1761 3161 1994 3223 VIOLETA
