2479 3508
200 172 477 228 Fémina
935 262 1516 315 Tecciones de Cosas.
734 355 1704 408 LA MARIPOSA.
880 429 1567 482 (DIALOGO CON MIS NIETOS
271 629 1206 682 ABUELO, dice Pimpín con seriedad apa¬
146 683 1200 739 rente. Chichí mató una mariposa amarilla
161 737 1197 793 muy linda i porque le dije que Dios le casti¬
158 790 1206 855 garía, se llevó las manos á la cara. Sin¬
155 844 1206 900 duda el polvo de las alas de la infeliz mari¬
167 904 1212 957 posa penetró en los ojos, i mira de tanto
158 964 1104 1014 estrujársellos se le han puesto colorados.
206 1011 1209 1070 No es verdad, abuelito, que es castigo
158 1065 1209 1124 que Dios le ha impuesto por haber matado
158 1128 612 1178 al pobre animalito?
208 1176 1206 1232 Sin duda. No debe matarse á los ani¬
155 1232 1206 1285 males cuando su muerte no reporta alguna
155 1292 358 1342 utilidad.
206 1340 1212 1396 El buci, la vaca, el novillo, el carnero i
155 1394 1200 1452 la cabra (rumiantes bóvidos, son sacrifica¬
158 1453 1209 1506 dos por el despiadado matarife; el matadero
161 1507 1203 1560 es responsable de mil crimenes que vienen
152 1564 1203 1617 a darnos carne para el cocido, pelo para el
149 1617 1194 1673 abrigo, cuero para el calzado, cola adhesiva¬
158 1674 1203 1727 huesos para peines, botones i otros usos.
158 1728 1209 1781 La muerte de esos animales es una triste
152 1782 1203 1838 necesidad excusable por las utilidades que
155 1841 453 1891 nos reporta.
262 1889 1194 1945 Dinos abuelito la historia de la maripo¬
158 1949 1074 2002 sa, así como nos dijiste la de la abeja.
256 2003 826 2056 Oigan pues la historia.
856 2003 1209 2056 Es breve; pero
155 2062 871 2112 algo interesante e instructiva:
877 2110 1209 2172 pintadas alas
217 2113 850 2166 Un día una mariposa de
161 2170 1215 2220 depositó un huevecillo en una hoja de un
161 2221 298 2279 rosal.
274 2277 877 2333 Cómo la gallina blanca?
326 2330 1200 2387 luego ajitó sus doradas alas la ma¬
164 2388 1209 2441 riposa, ¡ voló alegre á libar el nectar de las
161 2444 322 2497 flores.
211 2498 1209 2551 Pasaron unos cuantos días i al cabo de
164 2552 1203 2608 ocho el huevecillo sufrió una primera meta¬
167 2606 1206 2662 morfosis; es decir una transformación con¬
170 2662 1200 2715 virtiéndose en un gusanito verde que empezó
164 2719 1209 2772 a roer vorazmente la hoja que le sirvió de
161 2773 1194 2823 cuna, haciendo lo mismo con las hojas ve¬
164 2827 1206 2883 cinas y bebiendo las gotitas de agua que el
164 2880 1200 2936 rocio de la noche depositaba en ellas. Des¬
173 2937 1209 2993 truyó hojas i retoños i se nutrió hasta que
164 2994 1203 3047 algunos días más tarde sufrió una segunda
173 3050 1212 3103 metamorfosis volviéndose una crisálida; una
161 3104 1218 3157 especie de gorrito de pico suspendido por un
161 3161 988 3214 hilo fino al perdúnculo de una flor.
214 3215 1215 3268 No se movía i al parecer estaba muerto 1
164 3268 1221 3324 sepultado en un ataud brillante. I así pasó
877 540 1597 593 A mi compañero Profesor Febrillé.
1241 629 1558 679 una semana.
1310 677 2301 733 Un día de buen sol el gorrito-ataud se
1244 731 2301 790 rasgó en toda su longitud i joh! así como
1256 790 2301 840 Cristo salió de su sepulcro i ascendió al cie¬
1247 844 2301 897 lo, así mismo surgió de la crisálida o ninfa
1250 904 1597 954 una mariposa.
1301 955 2298 1008 La linda libélula permaneció al sol unos
1250 1011 2298 1064 momentos i secas ya i pintadas i brillantes
1267 1064 2304 1115 sus cuatro alas, semejando una flor que se
1250 1119 2295 1172 confundía con las gayas del jardin voló de
1253 1176 2295 1226 una en otra para buscar su primer alimento.
1307 1229 2307 1282 Ha terminado, hijos míos, la historia de
1247 1286 1964 1339 la mariposa que Chichí mató.
1334 1340 2301 1390 No mataré ninguna más; pero sí procu¬
1247 1397 2301 1447 raré acabar con los lagartos que persiguen
1253 1450 1812 1503 á tan lindos animalitos.
1352 1498 2295 1557 Tampoco debes matarlos. ¿Acaso ma¬
1256 1561 2295 1614 tan al cocinero cuando da muerte á las ga¬
1247 1620 1403 1670 llinas?
1358 1671 2095 1724 Pero la gallina es para comer.
1355 1719 2295 1775 Pues la gallina del lagarto es la maripo¬
1256 1779 1331 1835 sa.
1304 1832 2295 1888 Hai una cadena; la del crímen los fuertes
1253 1886 2298 1942 atacan á los débiles i desde el hombre has¬
1267 1945 2304 1999 la el infusorio que se mueve en la gota de
1253 1997 2298 2056 agua cada ser se alimenta de los mas inde¬
1247 2056 2310 2109 fensos. 1 sólo el tigre, la pantera i otros
1256 2110 2310 2166 carniceros matan por el placer de que corra
1253 2164 2304 2220 la sangre. Procurren ustedes no imitar esas
1262 2221 2307 2274 fieras á fin de que el buen Dios los mire con
1253 2277 1403 2333 amor.
1319 2331 2307 2384 Se me ocurre para concluir deciros algo
1259 2385 1707 2438 sobre los insectos:
1307 2441 1943 2494 Dos secciones la integran:
1319 2495 2304 2548 la. Los coleópteros, los ortópteros i los
1262 2546 2301 2608 neurópteros. Estos se alimentan de substan¬
1262 2609 2307 2662 cias sólidas: i si dan ustedes á un abejorro
1265 2662 1689 2724 pan se lo comerá.
1439 2713 2307 2769 Himenópteros, lepidópteros, (en es¬
1313 2719 1397 2772 2a.
1256 2773 2310 2826 ta es la cabeza la mariposa hemípteros in¬
1525 2827 2307 2883 Todos se nutren con substancias
1256 2830 1468 2883 dípteros.
1259 2883 2266 2936 liquidas, aún de sangre como el mosquito.
1671 2934 1904 2987 RESUMEN:
1480 2991 2048 3056 Qué es una mariposa?
1474 3048 1904 3103 Es ella alada flor,
1477 3101 2122 3157 que de flor en flor volando
1480 3146 2024 3211 la vida va derramando
1474 3215 2018 3265 con el polen del amor.
1928 3268 2263 3324 L. J. BOREA.
