2479 3508
274 214 474 264 Página 3
2003 214 2257 264 Fémina
546 372 1030 434 TOTITO
1421 381 2197 434 racio en
238 564 429 614 Mi alma
232 605 707 658 derramé a tus plantas
238 650 504 703 como fuente
232 698 635 751 inmaterial y alada,
764 758 838 817 II
349 838 877 888 Algo excelso y algo puro
340 874 668 933 hubo en mi voz
340 922 1167 978 que llevara tu nombre como un triunfo
340 970 824 1023 entre ritmos de amor.
653 1038 728 1091 III
235 1113 809 1166 Esclavo? Amante? Page?
232 1158 501 1211 ¿Qué fuí vó,
241 1196 710 1255 y aún, qué sigo siendo
235 1244 623 1294 en mi loca pasión
758 1298 835 1354 I
343 1376 874 1429 Esclavo.... tu lo sabes:
340 1420 791 1473 amante. lo se vó¬
340 1504 701 1563 lo es mi corazón
385 1576 501 1635 1922.
1346 617 2116 667 A la Virgen pido que la dé su gracia
1340 668 2170 724 por el gran misterio de su anunciación,
1352 722 2197 778 por la estrella mística y por la desgracia
1343 776 2048 829 de los siete aceros de su corazón.
1346 901 2119 954 Por su inmenso gozo del séptimo día,
1528 952 1839 1005 por la epifanía
1516 1002 1854 1055 de luz y alegría
1343 1059 2218 1112 que á Jesús nimbara cuando á Dios subía.
1343 1185 2137 1235 No permitas nunca, dulce madre mía,
1343 1232 2089 1285 que sea lodo intáctil antes de vacer
1346 1289 2164 1342 su cuerpo en la zona de la Paz Sombría,
1343 1340 2194 1396 por los siglos todos, que han de florecer.
349 1462 1215 1518 y hace mucho, que un paje de tus gracias
1818 1465 2203 1518 ML. E. SUNCAR.
1340 1561 1788 1629 Santo Domingo 1923.
567 1791 922 1841 An Anhela.
1522 1788 2080 1841 Madre Melancolía.
352 1901 1152 1960 ¿Sabes esta levenda? Era un dichoso
456 1946 904 2002 arón, el monie Alfo
447 1991 970 2044 que, hastiado del reos
322 2038 910 2091 del añejo ritual de la abadía.
453 2083 892 2133 salió a buscar un día
453 2128 812 2181 de luz el devano.
316 2173 1053 2226 confortador de la montaña umbría.
453 2215 892 2268 Y allí duró cien años
453 2259 862 2309 inisible al Destino.
316 2304 1015 2354 bajo la fresca paz de los castaños.
316 2343 1050 2396 embebido escuchando el argentino
319 2394 937 2447 canto de un pájaro admirable.
629 2432 821 2488 saha.
447 2477 892 2530 bien amada quisiera
441 2519 877 2575 rauncia á la lucha¬
447 2567 818 2620 imítil en la artea¬
453 2612 928 2662 comunidad del mundo.
450 2656 985 2706 y en un hosque profundo.
319 2701 1134 2757 como el monte alemán durar cien años
450 2743 853 2799 inisible al Destino.
322 2791 1015 2844 bajo la fresca paz de los castaños.
456 2833 838 2889 coronada la frente
316 2880 1050 2930 de la pródiga planta que da el vino,
319 2928 1015 2978 de rosas blancas y claveles roios,
453 2964 871 3017 absorto únicamente
453 3009 973 3062 en mirarme en la fuente
310 3056 991 3109 charladora y divina de tus ojos.
1295 1898 2125 1954 Madre Melancolía, pon tu sello sagrado
1292 1952 2230 2005 sobre las cosas tristes que oscurecen la vida.
1298 2003 2206 2059 Pon tu aliento de nardo sobre la roja herida
1289 2059 2295 2112 que en los hombres abrieron el dolor y el pecado.
1301 2224 2107 2276 Enseñale al poeta tu alcázar encantado
1295 2277 2215 2336 donde el canto resuena de la ilusión perdida,
1292 2337 2170 2390 y la torre en que mora la quimera florida,
1301 2385 2083 2438 viajera del remoto crepúsculo dorado.
1292 2824 2218 2880 Llega bajo los pliegues del vagabundo viento
1292 2880 2089 2933 la dejar el misterio de tu caricia sobre
1292 2934 2221 2987 las almas dolorosas de hastío y de tormento.
1298 2555 2143 2605 Madre Melancolía, leve como la espuma,
1295 2606 2167 2659 honda como el abismo del piélago salobre,
1289 2659 2134 2712 el soplo de tus alas al ensueño perfuma.
543 3155 1137 3205 FRANCISCO VALENCIA.
1785 3053 2257 3106 FROILAN TURCIOS.
1916 3137 2188 3193 Hondureño,
