2479 3508
289 214 489 267 Página 5
2015 226 2283 279 Fémina
340 1797 1236 1867 GRA CONSUELO M. DE FRIAS
543 1853 1158 1906 ka atidada kadactora de PEINA
313 1880 1415 1942 La idoncidad entusisio de esta compañera es valosa contribución
615 1907 1098 1963 los kitos de nuestra revista.
250 1946 620 1999 I
737 1952 1421 2002 E
1558 399 2227 458 imitación á la memoria de malogrado Bardo
2030 441 2266 497 PARA PEINA.
1510 486 2131 548 Como un albo nenúfar del lado,
1468 531 2036 590 impi tuces tu casto silueta,
1471 581 2080 634 y en tu malida fa hay un vado
1471 620 1961 673 deciso matin de vilete.
1519 674 2054 727 Tu pupila ilumina al poeta
1471 725 2068 781 y tus ranos le brindan kalago,
1471 770 2015 820 y si filida oscilas conqueta,
1462 805 2048 858 el te ofrece cantares en pago.
1510 859 2176 915 Blanca estrella que cruzas el cielo
1462 904 2110 957 como nivea palomo que el vuelo
1465 949 2143 1005 lang en pos de su fiel compañero.
1507 1002 2227 1055 Luce al bardo en su aliento postrero
1465 1047 2033 1103 y el calor de tu rque primero
1462 1092 2036 1151 de de aliento vital y consuelo.
1501 1250 2191 1303 Teien las musas inmortal diadema.
1462 1301 2134 1354 para tu frente alida y marchita,
1456 1340 2194 1393 donde entre murtos a laurel dormito
1456 1385 2122 1441 de ta lud el misterioso emblemo.
1504 1438 2200 1494 Junto al pálido cirio que se quema,
1456 1483 2146 1533 tu helado cuerpo, a meditor inito.
1465 1525 2107 1584 y tu mandioso espíritu, se ito.
1462 1570 2182 1626 langando á la traidora un anatema.
1510 1623 2161 1676 Que al soplo de la Parca circuido
1465 1668 2113 1721 de grandero a lor nace dormido
1465 1716 2170 1772 por siempre en el seno de la loria
1507 1767 2176 1817 El cantor predilecto cuna historia
1462 1809 2021 1862 es un poemo divinal sentido
1465 1856 2054 1906 en esta triste vida transitoria.
1606 1164 2164 1217 A LA MEMORIA DE RUBEN DARIO.
1433 2441 1991 2497 Para la misma
546 2444 1182 2497 Para una cubana
534 2555 985 2608 Poesía dulce y mística,
483 2600 997 2650 busca a la blanca cubang
486 2641 1018 2694 que se asomó a la ventan
489 2686 1003 2739 como una misión artistia.
531 2761 1012 2811 Misteriosa y cabalística.
489 2803 994 2862 pueda da cellos a in¬
483 2847 958 2897 con su fas de porcelo
486 2892 1059 2942 de una blangura cucaristica.
531 2964 1134 3017 Llena de un prestigio asiático,
489 3009 1077 3065 roia, en el rostro enimático,
483 3053 946 3109 sa boca prpura finge
540 3119 1009 3175 Y al sonreirse ví en ella
483 3167 1071 3217 el resplandor de una estrella
489 3215 1107 3268 que fuese alma de una esfinae.
1376 2552 1931 2608 Miré al sentarme a la mesa,
1328 2594 1821 2650 bañado en la luz del día
1334 2641 1737 2697 el retrato de María,
1334 2683 1734 2733 la cubana lanones.
1376 2755 1836 2808 El aire acaricia y besa
1337 2800 1851 2856 como un amante lo haria,
1331 2844 1755 2897 la orgullos bigarri.
1334 2886 1776 2939 de la cabeller esmes.
1382 2961 1910 3011 Diera un tesoro el Mikado
1340 3003 1794 3059 por sentirse acariciado
1337 3056 1812 3106 por princesa tan dentil,
1382 3113 1961 3172 Digna de que un gran pintor
1334 3164 1824 3217 la pinte junto á una flor
1618 361 2140 414 A UNA ESTRELLA
1868 1901 2280 1951 Consuelo Montalvo de Fías.
1979 1943 2188 1999 Maonolid
659 2241 1862 2294 DE RUBEN DARIO
