2479 3508
146 196 429 252 Fémina
400 307 1964 366 INDIANA BORINGUENA.
214 531 895 602 STAMOS frente á un folle¬
185 581 889 649 Eto, cuyas páginas todas,
113 638 892 703 hemos leido con verdadero inte¬
116 698 710 763 rés y con intenso cariño.
170 749 895 811 Este libro es el interesante diá¬
119 805 901 870 loso patriótico, del patriota de
122 862 901 921 nuestros poetas Gonzalo ONeill
128 919 898 981 cuyo título es el epígrafe de estas
128 979 600 1035 mal trazadas líneas.
185 1023 904 1085 No vamos á hacer juicio del
119 1089 919 1145 ejemplar que con cariñosa dedi¬
125 1134 901 1196 catoria ha llegado á nuestras
128 1191 904 1252 manos. Cuantos elogios tributó
131 1229 1191 1306 la crítica al citado folleto, pueden conside¬
125 1289 1167 1363 rarse con toda justicia desprovistos de exage¬
128 1349 1176 1417 ración. Mucho más merece el diálogo de
134 1399 1176 1470 nuestro culto compatriota y amigo, y es que
125 1459 1173 1527 sea leido por todos los antillanos y guarda¬
125 1525 620 1581 dos con puro afecto.
179 1597 1161 1658 Gonzalo ONeill es un buen puertorrique¬
131 1644 1173 1715 ño que vive hace muchos años en los Esta¬
131 1704 1179 1772 dos Unidos, ha creado allí una familia. Esto
134 1755 1179 1829 no empece para que él sea tan puerto¬
137 1814 1182 1882 rriqueño o más, mucho más que muchos que
131 1870 1181 1936 alardean acompaña dicha obra una carta¬
143 1922 1182 1996 prólogo del gran puertorriqueño Domingo
140 1976 1170 2047 Collazo y por creerlo oportuno vamos a re¬
140 2032 1179 2109 producir aquí algunos párrafos de dicha
137 2107 295 2160 carta.
200 2170 1188 2226 Con frecuencia me he preguntado cómo
149 2224 1191 2300 puede Gonzalo ONeill restarle á las horas
146 2277 1179 2348 de descanso reparador, y dadas sus múlti¬
143 2340 1188 2411 ples actividades, el tiempo suficiente para
146 2391 1185 2459 inspirarse á la sombra del laurel de Apolo, y
149 2444 1197 2512 he encontrado la respuesta en el hecho- En
149 2501 1194 2566 el admirable hecho de que, durante mas de
149 2555 1182 2623 treinta años ha vivido en este medio am¬
152 2612 1188 2680 biente, hablandonos siempre de Puerto Rico,
149 2662 1200 2733 la amada de su corazón; hablandonos de
149 2725 1206 2787 aquella naturaleza en q. se siente palpitar el
152 2776 1188 2844 fluido de la vida. Y eso de q. un Puertorrique¬
149 2830 1194 2897 ño neovorquino como Vd á quien los guijarros
152 2889 1197 2948 del camino desgarraron las carnes en más de
149 2943 1191 3005 una ocasión, continúe impertérrito enamora¬
149 2997 1197 3059 do de su isla, acusa una nobleza de alma y
161 3053 1209 3118 patriotismo á prueba de desalientos que vo
149 3113 985 3172 de envidio con egoísmo justificado.
203 3191 1212 3253 En dos palabras nos dice el prologista, me¬
152 3256 1994 3324 jor dicho nos pinta el alma toda luz, toda los obsequio ARA LUISA DE CANINO
1489 892 2254 951 desinteresado amor hácia la pa¬
1492 946 2269 1005 tria chica. Gonzalo es netamente
1492 1008 1874 1061 Puertorriqueño.
1549 1053 2254 1106 Vamos á complacernos tam¬
1489 1110 2263 1172 bien reproduciendo algunos pá¬
1495 1173 2054 1226 rrafos de dicho diálogo.
1221 1220 2030 1282 Borinquen; De esa duda infortunada
1492 1265 1865 1321 las razones al oir.
1492 1307 1982 1372 podrás tu misma decir
1486 1358 2039 1414 sies que está justificada.
1489 1402 2030 1458 Na pudo a buena fortuna
1489 1444 2045 1503 que a tu Patria le cupiera
1492 1495 2051 1548 la gloria de que ella fuera¬
1492 1540 2006 1599 Por la libertad la cua¬
1495 1585 2095 1647 por todas partes del mundo.
1495 1632 1979 1688 la fama lo ya diciendo.
1230 1674 2083 1736 Borinquen Entonces vono comprendo
1504 1722 2101 1784 por que con dolor profundo
1492 1773 2173 1823 vió mi pueblo, y no te asombre,
1489 1814 1979 1873 que su libertad murió
1492 1856 2018 1915 en la cuna en que nació
1492 1907 2080 1963 la libertad de los hombres.
1498 1952 2063 2011 Por que con la impunidad.
1495 1997 1949 2056 que te da tu poderío
1489 2044 2000 2100 la ninagas al pueblo mío
1501 2086 1955 2148 la luz de su libertade
1489 2131 2101 2190 Por qué dime no bracticas
1522 2179 2104 2235 las máximas que aconsejas?
1525 2224 2119 2279 por que siempre te alejas
1492 2271 2054 2330 de la moral que predicas
1495 2319 2233 2375 La Cruz que nuestros quebrantos
1507 2367 2065 2423 mitiga, y su amor nos da.
1501 2409 1985 2465 a donde quiera que va¬
1510 2462 2086 2512 lleva sus precantos santos.
1507 2507 2065 2560 Si en ti la verdad impera.
1513 2552 2009 2605 no comprendo la razón
1516 2591 2033 2659 por que tu Constitución
1510 2641 2155 2700 no va envuelta en tu bandera.
1504 2686 2030 2745 Es inútil que le arguva.
1247 2731 2101 2790 Borinquen De esos hechos detestables
1519 2779 2131 2838 no son los tiempos culpables
1513 2827 2068 2880 sino que la cula es tuya.
1519 2871 2149 2927 Que protestas no me extraña
1519 2916 2012 2972 Tu política inelemente
1519 2958 2033 3020 trae a veces á mi mente
1522 3009 2140 3071 gratos recuerdos de España:
1516 3053 2003 3109 de la abnegada nación
1519 3095 2110 3157 que aunque de mi lejos hoy
1516 3146 2063 3202 no puedo olvidar que S
1534 3194 1970 3247 parte de su corazón.
1304 3224 2307 3280 Reciba el amigo Neil nuestra carinosa felicitación por su va¬
1489 510 2257 575 patriotismo de Gonzalo ONeill.
1489 561 2257 623 Nosotras que estamos unidas á
1483 620 2254 676 él por los lazos de una fraternal y
1483 671 2263 733 antigua amistad, nacida de los
1486 728 2266 784 vínculos de parentezco que nos
1486 781 2263 840 une al Sr. ONeill conocemos á
1489 838 2269 897 fondo el patriotismo de él y su¬
2012 161 2212 219 Página 6
