2479 3508
271 193 468 246 Página
2000 196 2263 249 Fémina
447 310 776 360 FORTUNA
241 355 824 411 RES
812 495 1456 545 En la muerte de Ramón Tió.
334 659 1355 715 La muerte, esa cariátide de la blanca mortaja,
235 710 1197 769 bajando del Enigma, al hombro la hoz fatal,
232 761 1122 820 dio á tu oido en voz ultraterrena y baja
229 820 1200 876 el cuento doloroso que todos saben va....
334 925 1274 981 Plores descoloridas, donde el dolor encaja
223 979 1256 1035 como un rubor clorótico, triste y sentimental,
229 1032 1274 1085 cayeron como lágrimas, lentamente, en tu caja
226 1086 1236 1139 al doliente conjuro del Requiet cat in pace!
334 1191 1373 1246 Sobre el túmulo triste que guarda tus despejos
226 1244 1009 1297 irán en angustosa romería los ojos
229 1298 1268 1357 de aquellos que te amaron en la vida, á llorar,
331 1411 1274 1464 y yo, en la pesadila de este dolor acerbo,
223 1456 815 1509 como postumo rezo, inter¬
853 1459 1170 1515 go con Nervo:
247 1510 1388 1566 Adónde van los muertos, Señor, adónde van?
1050 1617 1462 1670 M. A. PECUERO HIO.
328 1728 641 1784 Marzo 2725.
740 2044 1194 2097 Sabado de Gloria.
280 2152 1247 2202 Lapso breve de tiempo queda, para que
229 2200 1238 2256 vibre en los aires el metálico sonido de las
232 2253 1241 2309 campanas rompiendo ruidosamente el au¬
229 2307 1238 2366 gusto silencio de los Días Santos. Sus vo¬
223 2361 1244 2414 ces de bronce harán saber que el milagro
223 2412 1238 2465 maravilloso de la Resurrección quedó rea¬
226 2468 1250 2521 lizado, que Cristo, más grande y poderoso
226 2519 1238 2575 que la impiedad de sus verdugos, ha aban¬
220 2579 1244 2629 donado su sepulero para remontarse á lo
253 2627 1238 2680 finito entre resplandores de fuego y aureo¬
220 2683 650 2733 las de luz....
280 2749 1241 2799 El mundo católico, á través de veinte si¬
235 2800 1238 2856 glos, guardando en el alma como testimo¬
226 2856 1244 2906 nio la pálida y lapidaria figura del hombre
229 2907 1236 2960 Diós se hallará desde bien temprano den¬
226 2961 1238 3014 tro de los templos para commemorar los úl¬
232 3012 1241 3068 timos episodios del épico Drama de la Pa¬
232 3068 343 3124 sión.
277 3134 1244 3190 Después, como de costumbre, se cerrará
226 3191 1241 3241 el periódo cuaresmal de los misticismos aus¬
1283 1916 2298 1978 teros: las algazaras bulliciosas, los regoci¬
1295 1967 2298 2032 los tranquilos, las expansiones fraternales,
1292 2026 2307 2082 volverán en nada de tiempo acompañado
1292 2080 2295 2130 con el rumoroso ruido de cada día momen¬
1289 2134 2298 2187 táneamente interrumpido por el paréntesis
1301 2188 2295 2244 que abre la piedad y cierra el trabajo......
1725 2241 2251 2294 B. PORTELA ALVAREZ.
1689 2292 2277 2345 El Duende del Almirante
1442 2415 2149 2471 MISOLEDAD TE ESPERA
1400 2474 2113 2527 En horas de angustioso desaliento
1391 2519 2071 2572 mi voz es una nota quejumbrosa
1394 2561 2149 2617 que solloza tu nombre en el silencio.
1394 2606 2161 2662 Son mis manos como alas de paloma¬
1394 2653 2203 2709 que se ag tan lamandote en el viento:
1385 2695 2021 2748 re ven en las remotas lejanias
1391 2740 2194 2799 marchar acongoiado en el sendero.
1400 2785 2080 2838 No sa que todo te hablará de mi¬
1394 2830 2125 2886 las rosas, el crepúsculo, el silencio,
1398 2874 1988 2926 y solo mirarás en el camino.
1397 2919 2086 2972 mis oios enlutados de recuerdos;
1397 2961 2092 3014 mi corazón no escuchará tu clara¬
1400 3006 2140 3062 voz que en el aire parecía un puego,
1394 3053 2068 3109 y tu vida será toda de angustias
1403 3095 2083 3148 y mi vida será toda un recuerdo.
1731 3146 2152 3199 N. MARIA LEFEBRE.
1827 3191 2107 3244 Hondureña.
262 1940 1215 1996 INSTANTANEA.
