2479 3508
185 226 453 279 Fémina
480 361 1916 417 UNA TRAGEDIA DE AMOR.
206 725 1167 793 Era una linda noche de estío. El cielo
155 779 1158 843 estaba hermoso como el de la Patria de D
158 835 1167 900 Anunzio.—La luna, convertida en reina del
164 886 1167 954 Universo desplegaba orgullosa su luz ténue
158 940 1173 1011 y suave, esparciendo tanta y tanta claridad
161 993 1170 1058 que ni las pobres aves podían reposar en sus
158 1047 1170 1112 nidos..... En el firmamento no se veía una
161 1095 1167 1163 sola nube y si millares de estrellas que re¬
155 1149 1164 1220 montaban á regiones desconocidas el senti¬
167 1316 1158 1384 .
203 1367 1167 1429 Es ésta una historia;—Pausto, un jóven
161 1531 1167 1590 llegó á amar con toda la fuerza de su alma,
155 1632 1161 1694 limpio de pecados, porque toda su vida, des¬
164 1952 1164 2014 azabache y caballera de ébano..... La a¬
155 1205 1170 1270 miento de dos seres que se amaban tierna¬
164 1265 1170 1324 mente........
158 1423 1173 1482 de veinticinco años, de aspecto simpático,
155 1477 1170 1536 de físico atravente, y de pulida instrucción,
161 1579 1173 1641 con la más fuerte adoración de su corazón
161 1686 1173 1745 de su niñez, la había pasado dedicado á sus
211 1740 1173 1796 tudios único desvelo de su existencia, á
161 1791 1176 1850 Berta, jóven de dieciocho abriles, una tri¬
164 1847 1173 1906 gueña comparable á la infeliz Anacaona la
164 1898 1182 1960 mártir compañera de Enriquillo; de ojos de
161 2003 1179 2065 doraba con un amor fosforecente, con un
164 2056 1179 2121 amor de fuego irresistible. Mas, era un gran
161 2110 1173 2172 sonámbulo; siempre, como sólo vivía pen¬
161 2170 1176 2223 sando en Ella, soñaba que era su dueño,
170 2224 1170 2279 que la poseía, que era feliz, que una noche,
167 2268 1170 2333 asegurado y respaldado por una sombra dis¬
170 2325 1176 2384 creta junto sus labios con los de Ella y se
167 2376 1179 2435 convenció que correspondía á su cariño
173 2432 1179 2491 pues no murmuró una sola frase de
170 2480 1173 2551 protesta........... Eso, como era natu¬
170 2534 1167 2596 ral, rebosó de alegría su pecho...... Cre¬
737 2594 1179 2647 realidad, y seguía
173 2597 710 2647 ó esa simple ilusión un
758 2644 1176 2697 intensamente
164 2647 710 2703 amándola cada vez má
164 2701 1179 2754 La enamoró la dió á comprender su pasión,
173 2749 1182 2808 la ofrecció su joven corazón, la habló de su¬
176 2803 1179 2868 porvenir la prometió llevarla al pié de los
173 2856 1185 2912 altares y colocarle en su frente inmaculada
170 2907 1182 2966 una regia corona de azahares..... Trans¬
167 2964 1179 3020 currió un año, un lapso de tiempo para el
170 3015 1194 3074 tan largo como un silo; sufrió mucho, pero
170 3074 716 3127 seguía amándola.
220 3128 1182 3181 A los 365 dias triunfó, fue dichoso: Ella,
170 3179 1185 3238 la mujer amada, la Venus de los eternos
179 3233 1191 3286 sueños de Faustole correspondía...... Soy
1403 617 2009 673 Para la Srta. Carmela Febles.
1212 719 2227 778 tuva, te amo, le dijo con la lengua trémula
1259 767 2221 831 los labios convulsos!...... El loco de
1215 820 2224 885 amor, débil como un tallo de azucena, al oin
1206 874 2221 936 aquéllas frases tan anheladas, cayó casi mo¬
1212 931 2230 990 ribundo frente á un sofá; Berta, que va lo
1215 982 2230 1046 amaba, que no podía sustraerse de aquel
1212 1032 2224 1097 amor, corrió, lo levantó, lo colocó en el sofá
1218 1092 2224 1148 y le imprimió un beso en la frente.....
1218 1146 2215 1202 Parece que sufría un ataque de neurisma, y
1215 1191 2230 1252 aquella suave brisa producida por aquel beso
1218 1250 2230 1309 de dió nuevamente la vida.... Respiró alzó
1922 1295 2233 1348 Me has dado
1215 1300 1887 1360 los ojos, la reconoció y díjole:
1218 1352 2218 1414 la vida, soy para siempre tuvo!... Siguie¬
1215 1402 2224 1464 ron amándose, ambos se adoraban con fre¬
1218 1456 2215 1521 nesí.... Un día, Fausto resolvió hacer com¬
1218 1513 2227 1581 promiso formal, solicitar la mano de Berta¬
1221 1567 2224 1635 para hacerla su esposa cuanto antes....
1221 1614 2227 1679 Pero, ¡oh dolor, doña Braulia, madre del
1218 1677 2239 1733 infeliz Pausto se enteró del futuro casamien¬
1218 1728 2233 1784 to por medio de un amigo de su hijo: Era¬
1218 1779 2230 1841 una vieja inculta, imbécil y de una avaricia
1218 1829 2236 1891 indescriptible; se oponía al matrimonio no
1218 1883 2236 1945 obstante la bondad y nobles sentimientos de
1224 1937 2239 1999 Berta. Ella anhelaba que su hijo fuera
1227 1991 2239 2056 un materialista vulgar, que entregara su¬
1227 2044 2233 2106 corazón á una mujer cualquiera, no impor¬
1224 2101 2230 2160 taba que fuera una Lucrecia Borgia, pero q.
1233 2149 2227 2214 posevera DINERO, muchas cajas de DI.
1230 2209 2236 2265 NERO!... Así pensaba esa anciana sin
1224 2265 2230 2318 alma y sin dignidad.
1274 2364 2227 2423 Sin embargo. Fausto desovó los despre¬
1230 2418 2239 2480 ciables consejos de su madre: díjole que no
1238 2468 2236 2530 podía olvidar á Berta, que la haría su espo¬
1224 2522 2245 2584 sa por encima de todo; que la amaba y no
1238 2582 2242 2638 podía olvidarla. Que de insistir con esos
1230 2633 2242 2691 terribles propositos se iría muy lejos, que no
1230 2683 2233 2745 volvería jamás o que se suicidaría.... Esta¬
1233 2737 2248 2796 ba loco de amor.... Olvidar á Berta le era
1230 2803 1639 2853 imposible!......
1283 2844 2248 2906 Transcurrieron dos meses, y la anciana
1233 2898 2239 2960 descorazonada insistía en romper las rela¬
1233 2952 2248 3011 ciones.... Lucho, sembró un campo de
1230 3006 2248 3065 zizañas y de intrigas y. consiguió hacer
1230 3056 2251 3115 terminar aquellos dulces amores, puros como
1230 3116 2048 3172 la tierna sonrisa de los niños......
1292 3164 2251 3226 Al siguiente día de concluídos aquellos
1236 3221 2257 3280 sueños espirituales, y siendo próximamente
