2479 3508
292 158 489 208 Página 2
238 259 1262 318 las cinco de la tarde, cuando despedía el
250 313 1250 372 gran astro sus últimos luminosos rayos, pen¬
244 364 1253 425 saba el desdichado jóven en la mujer queri¬
247 414 1250 479 da. No podía resistir la vida le molesta¬
244 471 1250 533 ba.... No puedo ser feliz, no puedo vivin¬
247 525 1259 584 sin el puro amor de Berta, me suicido, de¬
247 573 477 631 cía
295 629 1259 691 La desalmada octogenaria oyó que pro¬
241 683 1247 745 nunciaba esas trascendentales palabras, y
247 737 1265 796 corrió de la sala al aposento á regañar al
253 793 1256 846 pobre e infeliz Fausto. El, mientras ella le
247 844 1259 900 profería palabras hirientes, lloraba, lloraba
244 892 1256 954 sin piedad. Empero, llegó un instante en
241 946 1253 1008 que no pudo soportar el volcán de su gran
244 1053 1265 1112 su madre que era una miserable, que no la
238 1104 1247 1169 conceptuaba como la autora de sus días.
247 1155 1250 1217 Sí le dijo; no puedo existir sin Berta, me¬
247 1205 1253 1273 suicido, y Ud, será responsable, madre in¬
1862 1226 2254 1279 A. GRULLON H.
1412 1277 2298 1336 San Pedro de Macorís Marzo de 1923.
638 1411 1880 1479 LAGRIMAS POR IMADRE!
283 1534 1238 1599 Me he sentido altamente entristecida al leer y
241 1582 973 1632 releer el trocito intitulado Madrel
283 1626 1244 1682 Mi pensamiento ha ido leos muy lejos, donde
235 1668 1241 1727 todo es puro y he visto á ui madre, Este viag¬
232 1710 1253 1772 imainario fué emprendido en los momentos de
232 1755 1244 1817 correr mi vista por las líneas de este escrito.
232 1800 1238 1859 cuyas letras no encierran más que la pura ver¬
232 1841 1244 1903 dad. Y ¿quién lo puede interpretar mejor que¬
235 1886 1244 1945 vo, que no soy agraciada con esa felicidad que¬
232 1934 1253 1993 muchos no saben apreciar y no aprovechan una
235 1976 1024 2032 dicha quizás no duradera, Madre?
1089 1982 1253 2035 Si me
235 2023 1250 2079 has hecho derramar lágrimas de dolor. ¡Cnán
235 2065 964 2118 dichosa eres, autora de Madrel
995 2070 1241 2121 que dices á
235 2113 1241 2169 tus anchas Los que tenemos madre debemos
238 996 2295 1070 amor, y se indignó de talmanera que díjole á rrada, salió un disparo que desgraciadamen¬
241 1262 567 1321 ferna!!!
2006 175 2266 228 Fémina
1349 268 2307 330 De pronto paróse de su asiento; hizo uso
1304 319 2310 387 de su pistola llevándola á su frente piena de
1334 372 2301 434 randes pensamientos, y doña Braulia, es¬
1301 426 2301 488 tremecida y lena de pavor, viendo la triste
1301 480 2301 542 realidad, corrió, trató de agarrarle el arma
1301 534 2310 602 homicida, y le gritó suplicatoria; mi hijo,
1304 587 2301 649 no te mates! Nada valió, todo era inútil
1301 638 2304 697 insistía en ponerle fin á los gloriosos días
1304 692 2301 757 que le esperaban.
1349 796 2298 858 Se entabló entre ellos una lucha; el por¬
1304 853 2307 912 arrancarse la vida y la anciana arrepentida
1304 910 2298 966 porque no se suicidara.—Mas. al le¬
1304 958 2295 1014 vantar doña Braulia el arma que tenía aga¬
1298 1062 2298 1124 te atravesó los corazones de ambos........
1301 1113 2298 1175 caveron abrazados y en un mar de sangre
1301 1170 2295 1232 los dos cadáveres.
1292 1546 2283 1605 cuidarla y quererla, pues no ha de ser eterna
1289 1591 2298 1647 Qué satisfacción sientes al pronunciar estas
1295 1635 2295 1688 palabras, y quizás no las digas con su verdadero
1298 1674 2295 1733 sentido pues como suele decirse Nadie saba el
1298 1722 2304 1778 bien que tiene mientras no lo pierde Quiera
1295 1764 2292 1823 Dios que puedas repetir estas palabras por largo¬
1298 1809 2292 1867 tiempo y no puedas como yo, conocer lo que es
1298 1853 1892 1909 una madre ida y no olvidada.
1337 1895 2289 1954 Y tú feliz Fémina, acoje estas palabras, ver¬
1295 1940 2295 1999 tidas de un corazón destrozado por el dardo de
1289 1985 2295 2044 la desgracia, porque la dicha no quiso poner
1292 2029 2295 2088 su varita de virtud por largo tiempo sobre mi¬
1289 2071 1433 2124 frente
1800 2119 2248 2178 HAYDE C. DE RIBERA.
1507 2224 1976 2279 Charada No. S
629 2221 886 2274 ......
361 2286 979 2342 A la vera sentado del camino¬
358 2331 1030 2387 me puse a meditar en el pasado
364 2373 1140 2432 y pude comprobar que fué el destino
361 2421 1095 2480 el motivo de habernos separado.
364 2489 1027 2545 Aquel girón de cielo azul divino
358 2534 1035 2590 que soñara mi amor inmaculado
361 2579 1030 2635 a la luz del cresculo ambarino.
358 2621 1104 2686 me recuerda las tardes a tu lado.
361 2677 1027 2748 y vuelven otra vez á la memoria
367 2740 1068 2796 los instantes flices de la historia
361 2782 1116 2841 que mas tarde borrara el infortunio.
364 2850 1018 2906 Y donde florecieron tus amores
355 2898 1065 2954 hoy florece el rosal de los dolores
361 2943 1050 3002 al palido fulgor del novilunio.
528 3012 1110 3071 MARIO CAMINERO SANCHEZ.
1358 2292 2098 2360 Para poblar de arromas el ambiente,
1313 2334 1961 2393 y somar de total tímidamente
1307 2382 1964 2444 la modesta silueta encantadora,
1310 2427 1919 2482 cuya carmina boca decidora
1307 2462 2060 2533 tiene el amor de la Castalia fuente.
1307 2513 2033 2569 dos y lavantar la hermosa frente
1304 2561 2030 2617 hacia el jardin de la gentil tres tres.
1307 2600 1922 2656 que mui amante de la todo es
1298 2647 1979 2706 Al asomar sin faz mida y bella,
1301 2692 2122 2754 por su esplendor diérase una estrella,
1301 2734 2039 2796 que las praderas del ensueño dora,
1307 2773 2003 2838 y al sol con sus efluvios enamora.
1298 2824 2000 2880 No primer jamás mortal alguno.
1307 2868 2104 2927 Nor más sencilla, ni encontró ninguno.
1319 2910 1967 2969 tisa más modesta y delicada
1310 2958 1991 3014 que la que soluciona mi charada.
1839 3027 2077 3077 MAGNOLIA.
355 3086 952 3139 (Del libro inédito Jardines
444 3128 749 3181 de Ensueño
1310 3092 2152 3148 Solución la Charada del número anterior,
1645 3137 1830 3193 Polo.
