2479 3508
197 161 474 213 Fémina
2015 152 2251 205 Página 10
435 364 2051 417 te ce at
211 671 1191 724 TOMAS COMEZ.—Largo dolor; padecimientos lar
161 719 1206 778 gos cruentos I., el último dolor finó una vida
164 767 991 820 consagrada al cumplimiento del deber.
217 808 1188 864 Tomás Gómezhermano de la ilustrada Dire¬
170 856 1197 909 tora de esta revista era un bueno, honrado
167 904 856 960 por herencia i por idiosingracia.
211 946 1203 1002 Emplado público durante muchos años nunca
167 987 1200 1040 dió motivo á sus efes para una observación,
176 1032 1194 1097 parece mentira, como un contraste de las cosas
164 1083 1197 1133 terrenas, cuando necesitaba del gobierno, el pan¬
170 1122 1197 1181 material le fué nagado i si vivió muriendo algún
170 1173 1188 1229 tiempo llevaba en su peregrinación el bagageri¬
170 1220 1110 1270 co de gratitud hácia sus familiares amigos.
214 1259 1194 1315 Su viuda i sus hermanos le lloran inconsola¬
170 1307 1197 1360 bles sin recordar que el es más, mil veces más
164 1352 1203 1402 eliz que nosotros ya no siente el amargor de la
167 1399 1197 1449 ngratitudi abandonó las pocas duluras de la¬
161 1447 904 1497 vida á cambio del eterno descanso.
217 1489 737 1542 Duerma en pa, el amigo.
217 1537 1200 1587 Y el dolor es impotente contra él i el Dios de
167 1582 1074 1635 los justos ha recibido el alma de un bueno.
973 1623 1149 1676 L. J. B.
211 1722 1200 1778 RAMON E. TIO. El día 23 del pasado mes pereció
167 1770 1197 1823 abogado en las traidoras aguas del o Soco en
167 1817 1197 1867 la Provincia del Sebo, el distinguido loven con
161 1859 1194 1912 cuyo nombre encabezamos estas lineas. Tres
170 1907 1191 1960 meses apenas hacia que el culto amigo habia
167 1949 1191 1999 sentado plaza como Teniente Médico de la P. N.
173 1994 1185 2047 D y cuando más lleno de esperanzas y de ilu¬
164 2038 1194 2094 siones se deslizaba su jóven vida, la parca siem¬
173 2086 1191 2139 bre en acecho lo abraza y lo traslada para siem¬
167 2134 1077 2190 pre a las tétricas regiones del no ser
217 2173 1200 2226 Mon, como cariñosamente lo llamábamos fué
167 2224 1200 2274 na de esas almas raras que pasó por el mundo
170 2262 1194 2318 sin dejar ninguna clase de odios. Todo el
167 2310 1194 2363 mundo le queria. Por eso, su sepelo fué una
161 2355 1194 2411 verdadera demostración de simpatía y afecto.
170 2400 1194 2453 Todas las clases sociales se dieron cita ese día
161 2447 1200 2500 inolvidable, para acompañar a Mon a Su última¬
167 2492 459 2551 morada.
211 2540 1197 2590 A la vez que deploramos sincera y bondamente
170 2585 1185 2638 tan irreparable pérdida, enviamos á su distin¬
170 2630 1191 2680 guida familia el testimonio de nuestra condolen¬
170 2674 1191 2727 cia, y rogamos por el eterno descanso del si¬
176 2719 776 2775 pático y sencillo amigo Mon.
208 2874 1197 2927 PRESENTAMOS nuestra profunda condolencia á
167 2919 1197 2972 nuestra Directora la Srta. Gómez con la gran
167 2964 1191 3020 pera que experimenta por la irreparable perdi¬
167 3009 1206 3062 da de su hermano el Sr. Tomás Gómez, fallecido
161 3059 704 3109 hoy 2 de Marzo de 1923
206 3155 1203 3211 EL TRANCASO.—Puede asegurarse que la mitad
167 3203 1197 3253 del pueblo está atacado de la enfermedad de
1241 617 1883 670 moda: Catarro, casi Influenza.
1289 656 2280 712 Varias son las indicaciones para combatir el
1250 704 2274 757 mal; pero el mejor medio de combatirlo es evitar¬
1247 749 2277 805 los cambios bruscos recoierse temprano y toma¬
1253 796 2280 846 sudorificos. El contacto con personas atacadas
1241 838 2280 894 es peligroso pues la enfermedad se puede con¬
1244 886 2286 939 traer en el aire y el aliento de los enfermos es
1247 934 1752 987 un trasmisor poderoso.
1286 1029 2280 1082 CUSTODIANDO su poeta favorito; y al lado de dos
1241 1074 2274 1130 sonetos que le ofrece en su último momento apa¬
1247 1122 2277 1175 rece en este número el fotograbado de la Sra¬
1289 1504 2277 1554 CARRETERA MACORISCAPITAL.—Una de las notas más
1247 1549 2269 1602 sipáticas del Gobierno Provisional, es a no du¬
1244 1594 2277 1647 darlo, la vía que nos unirá en breve á la ciudad
1241 1638 2277 1691 romántica. Es uno como nuevo lazo que atar
1241 1683 1928 1736 dulcemente a entrambas urbes.
1289 1731 2277 1790 Se ha fijado el 31 del mes que corre para inau¬
1244 1782 2283 1838 gurar ese exponente de progreso, el cual habrá
1241 1829 2257 1882 de reportar grandes beneficios y comodidades.
1289 1880 2283 1933 Bien merece nuestro transitorio Gobierno las
1250 1925 2280 1981 más calurosas felicitaciones y Fémina que
1238 1973 2280 2026 siempre admira las grandes inciativas, no omite
1247 2020 2277 2070 la oportunidad que se presenta para exclamar¬
1244 2068 2018 2118 con jubilo así se valejos, muy lejos.
1286 2167 2283 2217 EN CARTERA.—Para el próximo número tenemos
1244 2206 2289 2262 en cartera importantes trabajos, entre ellos, no
1241 2256 2266 2306 de la pluma esquisita de la Sta. Dra. Evangeli¬
1241 1170 1862 1220 Consuelo Montalvo de Prías.
1283 1217 2283 1273 Nada de ella tenemos que decir. Levendo los
1247 1268 2274 1321 interesantísimos editoriales que publicamos ba¬
1244 1313 2280 1372 jo el título Perfeccionando el Hogar, y de los
1244 1361 2283 1414 cuales es ella autora, dejamos al lector hacer un
1244 1405 1818 1464 juicio acerca de su talento.
1244 2304 1552 2357 na Rodríguez.
1286 2394 2271 2453 NIENO CANGE.—También hemos recibido en can¬
1244 2447 2280 2500 ge. La República, publicación Nacionalista, de
1244 2492 2283 2542 indole dotrinaria, que saldrá quincenalmente
1253 2534 2277 2590 bajo la dirección del aprovechado Liedo, en De¬
1247 2582 1859 2635 recho S M. A. Peña Batle.
1292 2630 2206 2683 Con gusto corresponderemos con el cange.
1292 2728 2280 2778 EPOSICION AGRICOLA. El día 31 del presente mes¬
1253 2773 2283 2829 tuvo efecto en Santiago de los Caballeros una
1244 2818 2280 2871 Exposición Provincial Agrícola en la cual se pre¬
1250 2865 2277 2915 miaron las mejores cosechas de frioles cultiva¬
1244 2910 1656 2963 das en sus campos.
1286 2964 2289 3017 El Comité Ejecutivo estuvo compuesto de los
1241 3012 2277 3068 Sres. Enrique Pastoriza, Pedro Archambault,
1241 3056 2185 3109 Amado Benedicto y Rafael César Tolentino.
1292 3104 2286 3163 Felicitamos á los hombres y a los pueblos que
1241 3152 2277 3205 de manera tan digna tratan de enriquecerse sem¬
1250 3203 2137 3256 brando y estimulando á sus agricultores.
