2479 3508
1728 80 2462 199 Arahive General de la Nación
1929 177 2267 292 HEMEROTECA
959 373 1631 555 FEMINA
564 612 1945 718 REVISTA DE LITERATUrA, CIENCIAS Y ARTES
838 685 1671 776 CONSAGRADA A LA MUJER.
899 774 1618 869 DIRECTORA ADMINISTRADORA:
796 842 1722 935 PETRONILA ANGELICA GOMEZ.
1067 899 1430 972 Maestra Normal.
1081 1003 1434 1078 REDACTORES:
780 1041 1726 1145 MARIA L. ANGELIS DE CANINO,
367 1081 2146 1224 PETRONILA A. GOMEZ, CONSUELO MONTALVO DE FRRIAS.
263 1231 473 1315 Año 2
877 1253 1666 1322 San Pedro de Macorís, Agosto 15 de 1923
2020 1262 2234 1330 Nro. 25
449 1419 2062 1571 LABOR QUE FRUCTIFICA
623 1611 1863 1755 PAGINA DE NUESTRA DIREGTORA.
332 1722 1227 1834 Tiempo era ya de que nuestra mujer
212 1801 1224 1892 diera a conocer al mundo, que esta dotada
217 1867 1209 1927 de elevados sentimientos para conocer el pa-
219 1920 1218 1989 pel que debe desempeñar en la vida social.
325 1976 1218 2035 Tiempo era también, de que animada
214 2020 1213 2080 de una fuerza de voluntad suprema, se deci-
217 2073 1207 2141 diera a desvanecer las sombras que se in-
219 2128 1211 2192 terponen a su paso, anulando su capaci-
212 2172 1222 2270 dad para laborar en beneficio de la sociedad.
217 2228 851 2316 y enaltecimiento de su sexo.
296 2285 1207 2356 Está preparada en fin, para estudiar,
210 2334 1213 2409 saber, ejercer profesiones científicas, litera-
210 2391 650 2455 rias e industriales.
314 2420 1218 2513 La mujer dominicana esta dotada del
208 2484 1211 2568 suficiente razón para investigar la verdad y
210 2544 1202 2608 apartar los errores que enrarecen el ambien-
208 2597 1211 2667 te de su medio. De esto ha dado pretbas emi-
208 2650 1207 2721 nentes ya como abogado haciendo brillar
201 2696 1198 2767 sus razonamientos en el foro; ya en la far-
201 2751 1209 2818 macia determinando por medio del análisis.
1233 2725 1248 2816 tra proseguir la ardua tarea que nos hemos,
208 2800 1204 2866 químio la calidad y cantidad de los elemen-
210 2855 1198 2919 tos de un cusipo compuesto; ya como mé-
208 2906 1218 2970 dico diagnosticando el mál fisico que ha to--
206 2957 1204 3021 mado posesión en el organismo humano, y
201 3012 1204 3101 apliando a la vez el remedio que ha de
197 3061 515 3125 exterminarlo..
301 3090 1193 3178 Tes la misma mujer que sabe conmo-
201 3169 1204 3235 verse ants el espectaculo sublime y eterno del
194 3227 1193 3315 la Naturaleza, cuando contemplando el mar,
1264 1744 2256 1837 ya agitado, va apacible, se eleva su senti-
1253 1837 2256 1887 miento al infinito, y la que se embelesa y se
1253 1881 2248 1945 inspira en la contemplacion de los paisajes.
1257 1932 2254 2007 caprichosos que forman las hubes en el cielo;
1262 1985 2248 2058 pero no encontrando un campo en donde va-
1255 2040 2254 2108 ciar sus sentimientos y en donde sembrar
1253 2097 2243 2166 sus ideas tendientes al mejoramiento de con-
1255 2141 2248 2203 dicion social de su sexo, callaba sus inspira-
1255 2192 2252 2267 ciones i encerraba sus ideas en el estrecho
1251 2237 1708 2314 círculo de su hogar.
1348 2296 2245 2362 I surgió ese órgano, dando a conocer
1238 2351 2243 2418 fuera de su radio de accion, cuáles son apti-
1253 2400 2245 2466 tudes, hasta donde se extiende su capacidad.
1246 2442 2237 2517 intelectiva, ¡hasta donde se elevan sus senti-
1246 2508 2058 2581 mientos por lo humano y por bello...
1328 2553 2245 2623 l surgió Fémina, como la luz en las ti-
1251 2588 2245 2676 nieblas; como oasis en medio del desierto
1238 2656 1498 2725 abrasador.
1344 2696 2237 2771 ¿Triunfaremos? Tendremos fuerzas pa-
1248 2731 2239 2838 tra proseguir la ardua tarea que nos hemos,
1240 2813 2239 2875 impuesto? Conquistaremos el ultimo escalón.
1238 2862 2239 2930 sobre cuyo marmol habrá de perpetuarse.
1238 2913 2230 2975 nuestra gloria?, o por el contrario, flaqueárán.
1240 2975 2225 3063 nuestas fuerzas para caer fatigadas iven-
1238 3019 1483 3105 vencidas?.
1344 3039 2214 3140 No; llenas de fé, conscientes de nues-
1248 3119 2228 3189 tras propias luchas, llevando la voluntad por
1248 3180 2228 3244 estandarte i la estrella de la perseverancia
1248 3233 2219 3311 como guía, proseguiremos anhelosas de lle-
