2479 3508
242 236 516 322 Fémina
2084 254 2299 341 Página 2
252 336 1244 441 gar al gran alcázar en donde habita el triun-
242 409 323 482 fo..
354 431 1249 523 El campo no ha resultado estéril. Fé-
242 501 1249 586 mina aprisiona en sus páginasuna legión:
245 571 1250 639 cuyos nombres debieran ser grabados con
255 617 1198 678 caracteres de oro i chispas de diamantes.
351 663 1242 727 Así, María L. Oliver, en una bella pá-
251 703 1242 794 gina ensalza y sublimiza la grandeza del
246 780 1242 836 amor de madre. Genoveva Báez, la que
244 829 1237 895 sabe pintar una acuarela, describe con len-
249 886 1237 953 guaje bellísimo un paisaje que ha admirado
246 934 1244 1004 del natural. Elvira Vda. Bermúdez, clama
252 983 1236 1043 porque se intensifique la educación en el ho-
246 1038 1250 1098 gar, como sólida base de una pureza del
246 1086 1251 1160 conciencia moral i de una cultura racional i1
245 1129 1233 1215 perfecta. Desde las lomas del Yaque, Er-
237 1196 1245 1261 cilia Pepín, lanza a los vientos, con ademan-
232 1245 1236 1324 patriótico los acordes de su lira. Ante las
1286 331 2298 429 destruccion de la Ceiba de Colón, Hayde
1290 414 2289 494 C. de Rivera, gime dolorosamente. Enrique-
1285 476 2283 537 ta Cruzado, la alondra de angelicales arpe-
1286 529 2296 601 gios. Eduvigis Rosas, Natalia García i otras
1281 583 2286 639 sacerdotizas de Apolo i de Minerva dieron al
1276 638 2288 713 nuestra revista el grito de Eureka, iporque
1279 674 1716 754 al fin lo hallaban!
1382 739 2280 826 Isabel A. Vda. Pellerano i Luisa O
1292 787 2280 888 Pellerano de Henriquez, Delia M. Veber,
1281 867 2285 941 veteranas del saber ifervientes simpatiza-
1280 903 1819 999 doras de nuestra obra.
1384 978 2275 1063 El campo ha sido propicio. La simien-
1278 1038 2276 1117 te brota hoi en terreno ya abonado i como
1284 1097 2295 1167 sabemos encaminar ruestia labor al servicio
1276 1144 2284 1213 de levantados fines, día llegará en que se
1279 1209 2288 1265 recojan de ella los más sazonados frutos, en
1279 1252 2083 1348 beneficio de la mujeri de la Patria.
468 1434 1962 1622 PALABRAS.....
338 1685 1237 1779 El ideal casi siempre es un símbolo.
237 1754 1239 1824 Mas, las fueizas al servicio de actividades
234 1818 1230 1879 sociales que definen, abrillantáudolo, el
237 1858 1231 1928 fin de un noble empeño, eso, indudable-
230 1927 1218 1992 mente es la vida; o cuando menos, un as
240 1961 764 2047 pecto bello de la vida.
338 2000 1240 2083 La iuercia olla desgana individual es
225 2049 1235 2137 la negación de todo movimiento evolutivo.
234 2117 1230 2193 que conduce las sociedades a la liquida-
231 2178 1235 2240 ción de su existencia i los pueblos atacados,
234 2230 1235 2289 de esta enfermedad social no lo espera otro
230 2269 1143 2347 destino que la disolución o la muerte.
336 2336 1227 2399 Ampárenos Dios de estas tragresiones
229 2387 1235 2447 a las leyes que rigen el instinto progresivo
230 2440 1223 2511 de las sociedades, porque lay de los rezaga-
227 2481 1212 2557 dos! Por eso se explican facilmente las ci-
237 2536 1215 2598 vilizaciones que alcanzan los diversos pai-
229 2592 1223 2663 ses del globo i que aun los separa en sus
225 2641 976 2700 emuladoras enpeños de cultura.
236 2675 1217 2764 Unos gigantes en el rodar de los siglos, so-
223 2735 1223 2822 beranos de su destinos, avasallan todo
216 2801 1228 2867 cuanto intente interponerse en su camino
221 2843 1215 2924 y conquistan pará sí la gloria; otros jugue-
225 2901 1225 2978 tes de la adversa suerte, semejan mendigos.
218 2957 1223 3030 que arrastran su triste existencia sin otra
223 3001 1203 3078 historia que la que pinta la menguada rea
220 3055 1212 3126 lidad en que consumen incapaces e indeco-
220 3107 835 3170 rosamente su vida misma.
328 3150 1215 3248 El espectáculo i el contraste que así
1268 1674 2275 1781 se nos presenta es de una realidad tan
1269 1771 2274 1846 marga, tan avasalladora, que a veces sus
1276 1824 2266 1881 tituye nuestro entusiasmo el desamor por
1281 1871 2274 1939 la vida, i derrota en nuestros espíritus esa
1270 1929 2274 1995 fuerza incontratable, misteriosa, que re-
1270 1982 2276 2038 nueva i multiplica incensantemente nues-
1270 2031 2271 2097 tras energias e iniciativas; ahl, esa fuerza
1269 2096 2266 2159 que nos convierte en heroes del ideal, re-
1266 2131 2271 2206 novando sin tregua nuestros anhelos por
1268 2185 2271 2242 el bien i afirmando en nuestro ser el reina-
1266 2245 2264 2337 do de los sentimientos castos, bellos y pu-
1268 2285 1364 2358 ros.
1375 2318 2271 2429 Nuestro lema debiera ser mantenernos
1260 2375 2264 2463 firmes en alimentar, solícitos, esas mani-
1262 2443 2262 2517 festaciones exalsasi del espíritu que le ale-
1261 2492 2275 2572 ja, cada vez más, de la materialidad de la
1273 2559 2266 2620 vida i lo prepare para realizar las únicas
1262 2599 2262 2674 hazañas que ennoblecenel corazón humano:
1257 2651 2255 2755 la conquista del ideal por medio de la cien-
1257 2695 1358 2770 cia.
1365 2742 2264 2820 La mujer dominicaña aun permánece
1261 2814 2261 2890 estacionaria en nuestro desenvolvimiento
1252 2858 1525 2925 intelectual.
1355 2915 2264 2996 No basta o no contradice nuestro aser-
1252 2957 2261 3038 to que se hayan produeido, expontánea-
1257 3021 2257 3082 mente digo yo, estos brotes maguíficos:
1266 3073 2252 3146 Salomé Ureña, la divina; Mercedes Mota,
1256 3128 2266 3197 maguifica; la gloriosa y patriota Ercilia
1260 3171 2261 3274 Pepin; Evangelina Rodriguez, luchadora y
