2479 3508
243 231 447 328 Página 3
2044 245 2317 354 Fémina
245 313 1269 437 fuerte y otras más que han honradoi hon-
249 416 1275 491 ran las letras patrias con producciones de
248 474 1267 533 alto relieve artístico y literario, reveladoras.
248 510 1258 589 todas de un intelecto superbo. No; la cade-
248 572 1265 644 na se rompe a cada paso, porque digámoslo.
250 618 1256 694 sin ambajes, esas estrellas que tan -explén-
250 668 1266 752 didamente lucen en el cielo de nuestro
243 727 1267 798 mundo científico iliterario. sólo lo produce:
252 772 1256 846 el acaso, periodicamente, perfilándose ge-
250 823 1267 910 nialidades que se observan o seproducen en
248 879 1265 962 todas las latitudes; más nunca son el resul-
252 942 1258 1011 tado o producto de una civilización que
252 980 1255 1056 irradía en todos sentidos i que alcanza a
249 1039 1260 1111 todas las capas sociales, penetrando en su
250 1092 1240 1186 acción beuéfiea hasta las últimas ramifica-
248 1141 788 1207 ciones de la sociedad.
356 1183 1257 1275 Nuestras mujeres deleitan su espíritu
243 1237 1253 1323 con las frivolidades del ambiente que las
247 1304 1240 1372 cifcuye; pero ho elevan el sér a las excel-
245 1358 1233 1426 citudes del arte y de la ciencia, que es y
245 1413 1249 1482 debe ser la suprema aspiración, constante
247 1469 1253 1530 e jnalterable de todoes¡íritu consciente de
236 1528 1255 1598 sul destino, ique sesienta ardorósamente
245 1571 1248 1652 vinculado a las magnificencias de la crea-
245 1615 365 1691 ción.
354 1653 1248 1740 Por eso despierta mientusiasmoi obli-
270 1734 1247 1792 ya mis simpatias, la obra manifiestamente
247 1783 1247 1841 patriótica que llevan sobre sus hombros
213 1836 1239 1895 estas dos distinguidas mentalidades domi-
236 1883 1238 1956 nicanas: Petronila Angélica Gomez i Con-
231 1942 1246 2013 suelo Montalvo de Frias, con la coopera-
1308 368 2294 450 ción de una hija de la dulce Borinquen,
1313 419 2298 497 Maria L. Angelis de Canino, ilustrada i
1300 480 2298 551 entusiasta, las que sobre un pedestal de
1300 535 2301 595 gloria, que así se me antoja pensar de su
1303 593 2300 644 revista Fémina, ensanchan sus nobles co-
1299 644 2296 701 razones i con sacro ideal por divisa, luchan
1297 698 2293 761 denodadamente por el cumbramiento inte-
1293 738 2289 819 lectual de la mujer, i nos brindan con sus
1309 804 2301 865 pensamientos, con sus obras, con sus gran-
1294 848 2297 913 des amores por lo bello, el encomiable es-
1306 903 2296 965 pectáculo de sonreir, llenos de esperanzas,
1312 957 2292 1017 por la visión de una Patria que se define
1297 1008 2293 1065 ise defiende con las únicas armas que la
1292 1056 2294 1131 convierte en maguífica e invulnerable: el
1286 1117 2285 1184 Derecho sustituyendo a la Fuerza; i como
1292 1161 2289 1226 colorario inmediato, irreplicable: el honor
1290 1207 2289 1285 de la mujer amparado por medio de la
1300 1275 2291 1335 ciencía. Hasta aquí, hasta este confin del
1293 1315 2285 1396 deber, lo adiviuo va encaminado el esfuer-
1294 1376 2285 1441 zo, el sueño, como quieran llamarlo, de esta
1293 1422 2285 1507 gloriosa trilogia de mujeres de peusamien-
1288 1479 2195 1550 to alto, sano, fuerte, emulador i bello.
1389 1520 2279 1598 Loor igloria para las que así luchan,
1303 1589 2285 1642 para las predestinadas, que sorteando toda
1290 1638 2282 1707 clase de privaciones i sinsabores, ufanas i
1293 1686 2283 1764 llenas de fe logran abrirse paso i conquis-
1288 1728 2284 1801 tan para sus corazones el aplauso, cuando
1290 1804 2287 1882 no otra cosa, de los que aman la verdadi
1285 1841 1496 1920 el bien.
1596 1898 2181 2018 GABRIEL DEL CASTILLO.
397 2149 1097 2316 Deidad Amiga
224 2339 1235 2441 A la ilustrada Sra. Maria G. Pellerano de Portela
317 2453 988 2550 Ada risueña, cuya faz radiante
225 2527 902 2610 ilumina el sendero accidentado.
233 2582 885 2643 que en la vida recorro fatigado,
224 2630 913 2688 con zozóbra y espiritu anhelante;
231 2665 1018 2729 tu me das nuevo brio a cada instante;
234 2713 901 2766 noche tras noche velas a mi lado.
236 2759 924 2810 y me iufundes valor multiplicado
231 2793 1005 2851 para que siga siempre bacia adelante.
218 2845 1032 2895 Jornada tras jornada por ti emprende
227 2888 968 2950 mi alma en pos de la dicha fugitiva
231 2936 924 2988 que casi toca, pero nunca alcanza,
231 2973 1016 3032 y mi anhelo con ello más se enciende.
224 3021 936 3080 ¡Dime tu nombre, Aua compasiva!
224 3038 1099 3152 Mi nombre es celestial: soy la Esperanza.
801 3117 1251 3207 ANTONIO SORIANO
870 3175 1074 3255 (Español)
222 3181 744 3291 Santo Domingo de 1923
1516 2231 2066 2344 Tarjeta
1371 2564 2274 2676 Fémina, que es la única revista nues¬
1270 2666 2273 2747 tra exclusivamente FEMENINA; bien me-
1269 2744 2268 2835 rece los más calurosos aplausos en este su
1270 2821 2268 2899 primer aniversarío, y que se formulen cor-
1270 2886 2269 2998 diales votos porque tenga una larga, fecur-
1263 2980 2271 3079 da y próspera vida para bien de la sociedad.
1276 3058 2266 3141 y enaltecimiento de la mujer dominicana.
1629 3194 2162 3297 M A. PATIN MACEO.
