2479 3508
249 219 469 300 Página 5
2048 247 2321 342 Fémina
659 332 1915 467 Electos Divinos i Humanos
1185 568 2303 694 Para Colombina Dalmau, por quien los ángeles sueñan,
256 644 1265 765 No era sangre, era un efecto de luz,
243 725 1268 810 era el crepúsculo rojo de los Alpes, si aho-
249 783 1258 846 ra se reproduce lo que llamaban la segun-
243 846 1257 899 da coloración, el segundo crepúsculo Alpi-
250 890 1265 965 no, mas debil que el primero. Las cimas
246 950 1243 1008 altas tienen ahora el rojo gris característi-
251 997 1257 1060 co que rompe con suate violencia sobre el
247 1049 1255 1132 hermoso topo violeta que ha adquirido el
243 1110 1253 1176 cielo, asi el raro aspecto ha cesado com-
254 1167 1261 1232 pletamente, horrandose i confundiendose
243 1215 1257 1280 el crepúsculo color de sangre, con la luz
235 1271 1255 1336 del crepúsculo natural.. Ahora debe
246 1317 1258 1379 haber descendido el sol a los cinco grados
243 1372 1257 1446 bajo el horizonte Alpino, como afirmaba el
242 1423 1255 1504 bello paisaje, en cuya belleza se enjoyaban
235 1485 1193 1550 las preciosidades de la naturaleza”....
335 1522 1248 1607 Saltó del espacio una paloma blanca.
233 1587 1247 1680 de pico rosa, i sobre las plumas de su figu-
1301 671 2308 774 ra modelada, cien gotas de agua del rocio,
1300 747 2307 822 hacian un efecto de perlas desgranadas;
1300 804 2307 869 sobre la mas hermosa garganta de una
1300 862 2301 924 mujer griega, o de una damita de cabelle-
1303 919 2297 980 ra empolvada, que en la edad media, bai-
1303 962 2297 1036 laban en giros voluptuosos, como una gi-
1305 1024 2300 1094 gantezca mariposa rojai verde, que fuera
1293 1078 2308 1143 tejiando en sus vueltas, las curedaderas de
1293 1122 2300 1193 oro luminoso, entre la admiración de los
1294 1179 2294 1246 ojos vencidos por las bellezas humanas...
1396 1223 2298 1296 Pla naturaleza iel humano, muchas
1300 1280 2297 1346 veces se consumen en un beso ideal, de
1294 1329 2291 1422 una relatividad espiritual, i de un amor
1287 1382 2086 1478 sin egoismno.... puro i generoso.
1839 1485 2297 1622 ML. A. MENA HITO.
1282 1561 1811 1680 Santo Domingo, R. D..
485 1762 1042 1930 A Sotto Voce
671 2037 1235 2129 “Pienso en tí, cuando el bri-
642 2101 1239 2173 llo del sol dora el mar. Pien-
649 2168 1235 2237 so en tí, cuando la luz de la
643 2212 1197 2303 luna se refleja en la onda”.
1000 2268 1146 2353 Goethe.
314 2339 1115 2448 Qué tarde aquella! Tarde de amores.
226 2409 1128 2484 Hermoso el cielo. Muertas las esperanzas.
226 2461 1004 2529 Yó con mi brazo te enlazaba tu cuello.
228 2514 1104 2590 y tú con tus ojos me hablabas de alianzas.
307 2571 1100 2661 Tiempos dichosos. Amores llorados.
215 2625 1060 2711 Horrible inquietud. Fantástico espejo.
212 2691 1051 2750 Los besos furtivos y recuerdos pasados
217 2736 1005 2823 Me ponen al verte bastante perplejo.
306 2801 1015 2905 Por eso quisiera echarte al olvido
215 2865 871 2933 Tener para tí un amargo ideal,
211 2909 1071 2986 Pensar un instante que pudiste ser mía
221 2968 1021 3043 Y que yo no quise por no hacerte mal.
739 3050 1190 3147 B. PORTELA ALVAEZ.
669 3118 1223 3215 (El Duende del Almirante
201 3182 855 3300 Santó Domingo, Julio de 1918.
1455 1812 2128 1957 A mi Patria.
1369 1972 2140 2085 Patria de mi ilusion, Quisqueya mia,
1285 2054 2021 2112 tan dulce a todos, tan hidalga i fiel;
1289 2105 1996 2158 quiera el cielo yorverte la alegria!
1289 2153 2111 2231 quiero alta y sola tu bandera ver!.
1358 2194 2110 2325 Hasta ayer de crespon ibas vestida,
1289 2270 1871 2344 iya luces morada tu vestir,
1289 2319 2066 2396 que pronto quiero, en rosa convertida
1289 2378 1910 2444 tu limpia veste, verte ya lucir.
1353 2422 2066 2547 Que se alejen los lobos i que dejen
1289 2512 1873 2562 la ovejuela dichosa así pacer.
1289 2539 2169 2636 ¡Que se calmen por siempre tus martirios;
1289 2598 1986 2676 que cese al fin tu amargo padecer!!
1355 2675 2112 2775 Oh mi Quisqueyal cuando alegre vea
1289 2743 1893 2800 de rojo azul i blanco tu vestir,
1289 2776 2001 2848 no exalaran las cuerdas de mi lira.
1289 2828 2003 2912 las tristes notas de un dolor gentil..
1355 2890 2053 2990 Y al llevarte mi capto dulcemente.
1289 2961 1979 3033 al vergel amorosa do has de estar,
1289 3022 1978 3086 te daré el corazon, y eternamente
1289 3064 1889 3133 gozaré de una dicha sin igual.
1901 3144 2133 3225 VIOLETA.
1289 3182 1890 3297 Santo Domingo, Julio de 1923.
