2479 3508
214 195 492 304 Fémina
2065 202 2275 315 Página é.
324 331 2176 474 Método para la educación de un Jóven
322 547 1224 658 La educación de los niños debe ser sim-
225 635 1226 734 pre adecuada a su edad, inclinaciones, ge-
223 692 704 764 nio y temperamento..
334 731 1221 814 Teniendo mi sobrino más de doce años.
214 791 1224 881 deberá aplicársele a aprender los idiomas.
221 853 973 931 modernos, sin descuidar el suyo.
1003 858 1221 927 Los idio-
225 913 1224 991 mas muertos deben estudiarse después del
218 954 626 1037 poseer los vivos.
322 1007 1219 1074 La geografía y cosmografía deben ser
214 1051 1224 1159 de los primeros conocimientos que haya del
216 1120 651 1187 adquirir un joven.
322 1166 1210 1240 La historia, a semejanza de los idiomas,
216 1210 1219 1286 debe principiarse a aprender por la contem-
218 1272 1224 1341 poránea, para ir remontando por grados
218 1332 1212 1417 hasta llegar a los tiempos obscuros de la
216 1368 391 1456 fábula.
317 1428 1212 1495 Jamás es demasiado temprano para
205 1454 1210 1555 el conocimiento de las ciencias exactas, por-
216 1532 1210 1610 que ellas nos enseñan el análises en todo,
221 1582 1210 1665 pasando de lo conocido a lo desconocido, y
225 1642 1203 1730 por ese medio aprendemos a pensar ia ra-
218 1681 695 1757 ciocinar con lógica.
322 1739 1210 1819 Mas debe tenerse presente la capaci-
207 1796 1205 1847 dad del alumno para el cálculo, pues no to-
214 1845 1208 1927 dos son igualmente aptos para las matemá-
205 1879 350 1953 ticas.
317 1916 1212 2015 Generalmente todos pueden aprender
205 1994 1212 2061 la geometría i comprenderla; pero no sucede.
207 2058 1208 2144 lo mismo con el álgebra i el cálculo integral
207 2100 499 2183 ¡diferencial.
317 2128 1203 2233 La memoria demasiado pronta siempre
216 2213 1205 2275 es una facultad brillante; pero redunda en
209 2252 1212 2328 detrimento de la comprensión; así es que al
209 2316 1210 2385 niño que demuestra demasiada facilidad.
216 2364 1198 2440 para retener sus lecciones de memoria, de-
214 2420 1194 2486 berá enseñársele aquellas: cosas que le obli-
214 2470 1205 2530 guen a meditar, como resolver problemas i
214 2528 1203 2588 poner ecuaciones; viciversa, a los lentos de
207 2578 1203 2645 retentiva, deberá enseñárseles a aprender
209 2631 1203 2689 de memoriaí a recitar las composiciones
200 2682 1203 2751 escogidas de los grandes poetas; tanto la
205 2721 1201 2808 memoria como el cálculo, están, sujetos a
205 2776 837 2857 fortalecerse por el ejercicio.
301 2827 1205 2907 La memoria debe ejercitarse cuanto
202 2884 1196 2976 sea posible; pero jamás fatigarla hasta de-
200 2923 414 3004 bilitarla.
301 2965 1203 3070 La estadística es un estudio necesario
195 3052 1212 3128 en los tiempos que atravesamos, ideseo que:
205 3087 743 3167 la aprenda mi sobrino.
304 3105 1194 3243 Con preferencia se le instrurá en la
1256 554 2272 681 mecánica i ciencia del ingeniero civil, pero
1254 658 2266 736 no contra su voluntad, sino tiene inclinación.
1254 702 1633 782 a esos estudios.
1339 752 2256 856 La música no es preciso que la aprenda,
1258 823 2263 911 sino en caso que tenga pasión por ese arte;,
1260 888 2272 961 pero sí debe poseer aunque sean rudimentos
1258 945 2268 1010 del dibujo lineal, de la astronomía, química-
1256 996 2266 1065 ibotánica, profundizando más o menos en
1256 1053 2261 1113 esas ciencias segun su inclinación o gusto
1256 1095 1727 1175 por algunas de ellas.
1355 1155 2256 1235 La enseñanza de las buenas costum-
1258 1214 2261 1290 bres o hábitos sociales es tan esencial como
1256 1274 2256 1352 la instrucción; por eso debe tenerse especial.
1256 1336 2266 1412 cuidado en que aprenda en las cartas de
1260 1382 2256 1472 lord Chesterfield a su hijo, los principios i
1254 1433 1826 1502 modales de un caballero.
1348 1490 2256 1578 La moral en máximas religiosas i en la
1260 1543 2252 1642 prática conservadora de la salud i la de vida,
1260 1624 2245 1702 es una enseñanza que ningún maestro pue-
1260 1666 1580 1753 de descuidar.
1355 1723 2249 1815 El derecho romano, como base de la
1260 1795 2095 1871 legislación universal, debe estudiarle.
1355 1849 2245 1920 Siendo mul dificil apreciar donde termi-
1249 1897 2242 1971 na el arte i principia la ciencia, si su inclina-
1249 1950 2249 2031 ción lo decide a aprender algún arte u oficio.
1247 2010 2247 2084 lo celebraría, pues abundan entre nosotros
1249 2068 2249 2125 médicos i abogados, pero nos faltan buenos
1249 2111 2249 2178 mecánicos i agricultores, que son los que el
1260 2171 2252 2270 país necesita para adelantar en prosperidad.
1260 2208 1506 2291 i bienestar.
1346 2252 2252 2358 El baile, que es la poesía del movimien-
1260 2339 2249 2426 to i que da la grácia lla soltura a la perso-
1260 2401 2249 2468 na, a la vez que es un ejercicio higénico en
1260 2447 2252 2548 climas templados, deberá practicarlo si es
1260 2498 1525 2585 de su gusto.
1346 2535 2229 2645 Sobre todo, recomiendo a usted inspi-
1260 2619 2254 2700 rarle el gusto por la sociedad culta, donde
1260 2693 2249 2760 el bello sexo ejerce su benéfico influjo; iese
1260 2744 2236 2808 respeto a los hombres de edad, saber ipo-
1260 2790 2236 2847 sición social, que hace a la juventud encan-
1260 2839 2236 2937 tadora, asociándola a las esperánzas del
1260 2884 1456 2974 porvenir.
1679 2981 2134 3093 SIMÓN BOLIVAR.
1260 3068 1727 3179 Pueblo de la Magdalena
1276 3151 1831 3264 cerca de Luna, año de 1825
