2479 3508
230 247 422 341 Página 7
2036 295 2305 391 Fémina
660 392 1799 560 AVE AZUL
331 614 1239 726 Hai un dolor, una pesadumbre más
230 689 1240 775 bien, sin nombre, no clásificada; no la cu-
226 756 1123 827 ran drogas, ni la conocen médicos. Sin
234 811 1238 883 embargo, este siniestro mal no es cosa má
235 858 1237 935 peregrina que la extraña flor de Alema-
224 910 1237 985 nia, encanto i desesperación de una pobre
227 963 1238 1031 loca, en el gentil poema de Pully Prud-
224 1009 1237 1087 homme. Es mal del tiempo por el cual-
226 1067 1224 1150 florecen las rosas del alma; este mal se pa-
226 1119 1225 1206 dece cuando canta la primavera en el co-
221 1189 1224 1262 razón. Un día nos sorprende; nos invades
218 1229 1235 1302 nos hace su presa; somos suyos ¿Cómos
218 1281 1228 1348 Lo ignoramos. ¿En el seno de cuál her
217 1329 1230 1417 mosa lucía la flor cuya aroma nos enloque-
221 1395 1232 1469 cez A veces no hemos visto la hermosura;
222 1447 1225 1522 no hemos respirado la rosa. Empero,
217 1502 1232 1573 amamos. El río afluye, la linfa cristalina
216 1560 1225 1634 copia los primeros ojos que se inclinan so-
224 1603 1230 1685 bre la corriente, en las márgenes haí uno
216 1652 1226 1726 como florecimiento mágico i se pone a can-
212 1704 1223 1796 tar el ave azul de la ilusión, canto perfu-
213 1768 993 1855 mado i turbador de la juventud.
323 1827 1232 1912 Amor llena las almas como llena los
206 1880 1223 1974 aires la música de un himno; envuelve los
206 1957 1219 2017 corazones como envuelve al oído la fragan-
210 1999 1221 2084 te nube de incienso; asciende hasta lo
213 2047 1224 2135 íntimo de los seres como Romeo al regazo.
206 2103 1223 2181 tierno de Julieta; corena la juventud como
206 2154 1224 2241 el tenue hilo de cielo las blancas sienes del
208 2204 1215 2308 las madonas, en los grandes lienzos mis¬
206 2261 340 2331 ticos..
299 2316 1219 2418 Existe algo más doloroso que el amor,
206 2384 1216 2480 que el culto de un sér: la pasion de un
199 2452 1217 2531 fantásma. El alma rebosa de una amar-
206 2513 1217 2583 gura desconocida; callamos; para nosotros
199 2565 1217 2639 no cantan los pájaros; ni ríen en copa de
195 2623 1207 2690 cristal los licores; ni sollozan los pianos;
195 2680 1212 2765 ni cuchichean las brisas; ni se mueven las
189 2720 910 2800 ondas; ni aromau los rosales.
301 2761 1214 2874 Sin embargo, en nuestros corazones,
194 2831 1212 2934 haí dulzuras; lo que nos falta es el espar-
199 2908 1212 2975 cimiento; ún trino nos conmovería; uná
189 2969 1215 3037 nota de brandy bastaría a encender en
199 3020 1198 3090 guestras almas mil luces de colores; la mú-
192 3079 1203 3138 sica vestiría de azul, a nuestros ojos, el
190 3126 1200 3191 éter de lo cielos imposibles; las brisas i las
195 3181 1205 3247 oudas, para nuestro regilo, mentirían le-
189 3230 1200 3328 yendas de amores; el aroma sería el eusue-
1278 639 2062 759 ño; el ensueño es la inspiración.
1377 731 2291 830 Somos la juventud, somos la poesia,
1278 798 2294 884 el perfume del Ideal; la juventud, ánfora
1285 851 1630 948 llena de amor.
1378 915 2283 1011 ¡Amamos! ¿Que? ¿A quién! No sa-
1278 980 2284 1090 bémos. El Arte, el Ideal, ¿qué llena nues¬
1279 1036 1555 1122 tras almas?
1391 1095 2284 1189 Vaciamos nuestros pesadumbres, nues¬
1269 1141 2289 1237 tros entusiasmos, nuestras pasiones en la
1275 1221 2292 1304 turquesa de una estrofa, isomos felices:
1278 1276 2100 1366 Pero esta felicidad no es duradera.
1373 1335 2266 1435 Soñamos mucho. No podemos acor-
1269 1400 2278 1482 dar el ritmo de los corazones con la música
1263 1477 2274 1532 de letras consonantes. Además, nunca
1272 1519 2283 1612 queda toda el alma en el verso, presa como,
1269 1570 2174 1654 un pedazo de carne viva en un garfio.
1373 1630 2277 1721 ¡El Ideal! La humanidad ya en ca-
1266 1690 2277 1776 rrera vertiginosa tras de sí. No dista mucho
1266 1763 2277 1838 de alcanzarlo; lo está haciendo; entonces él,
1263 1814 2265 1880 como la blanca flor de los cuentos infan-
1263 1868 2273 1929 tiles, arroja t sus espaldas un quimérico
1262 1925 2274 1994 obstáculo que crece i crece. Si es grano
1261 1967 2268 2033 de polvo se torna en bloque, en mole; si es
1260 2024 2269 2096 alisio se trueca en bravo siroco; si es un ji-
1266 2080 2266 2155 rón de sombra se cambia en noche obscura.
1363 2128 2266 2250 El triunfo sobre el Ideal es como im¬
1262 2191 1800 2289 posible o poco menos.
1362 2254 2266 2360 El Ideal es el ave fantástica cuyo vue¬
1253 2330 2266 2414 lo no han podido parar flechas ni tiros.
1257 2394 2268 2487 Con él no caben alevosías, ni sueños, ni
1255 2431 1700 2529 armadijos: no cae.
1359 2499 2261 2595 Dejemos que el heroísmo de la cons-
1251 2588 2254 2647 tancia triunfe. Presumimos en embria-
1252 2629 2262 2690 guez de la dificultad vencida. ¿En dónde
1255 2687 2266 2744 están los labios sitibundos de amor, que
1252 2734 2261 2798 sanen como un óleo las heridas purpúreas2
1253 2784 2257 2862 ¿Dónde las manos que han de ceñirnos
1252 2849 2261 2914 rosas? ¿En cuál seno florecerá la alegría?
1248 2899 2264 2979 ¿Qué mejilla ha de encender el doloroso
1252 2943 2064 3020 triuufo nuestros ¿Quién nos ama?
1355 2992 2245 3077 Cruel dolor el amar cuando el Orgu-
1242 3019 2238 3113 llo; nuestro olímpico orgullo de poeta, no
1249 3108 2245 3190 dice a la Hermosura: aquí estol a tus pies.
1518 3166 2243 3272 RUFINO BLANCO FOMBONA
1242 3227 1796 3325 (Del Ateneo de Honduras)
