2479 3508
230 227 495 337 Fémina
2081 232 2303 350 Página 8
544 899 1129 1014 Srta. Virginia Acevedo
513 1055 1165 1172 Bella i distinguida dama de la
600 1162 1067 1277 socieddad Santiagueza.
621 1560 1897 1703 VOCES CORDIALES
335 1675 1231 1777 Un año de lucha en su noble labor,
230 1757 1231 1831 ha cumplido la revista "Fémina” que se
232 1811 1228 1877 publica en Macoris del Sur, bajo la com-
243 1872 1228 1936 petente Dirección-Redacción de esta ejem-
235 1923 1226 1977 plarísima trilojía de intelectual: Srta. Pe-
230 1971 1228 2056 tronila A. Gómez, María Luisa de Canino y
232 2015 774 2081 Consuelo M. de Frias.
342 2048 1241 2137 Fecundo trabajo de intenso feminismo
230 2115 1236 2186 ha sido la vida de ese colega: ha abierto
235 2171 1228 2237 nnovos horizontes a la mujer dominicana,
227 2235 1233 2298 señalándole con jalones de luz el camino,
240 2286 1223 2344 que ha de recorrer en la hora de ahora;
227 2334 1226 2406 se esfuerza porque la mujer, santo nombre:
232 2390 1226 2454 ya sea madre, esposa o hija, ocupe el lu-
232 2436 1226 2528 gar que merecidamente le corresponde en
225 2485 513 2572 la sociedad.
332 2513 1226 2610 Regocijadamente felicitamos a "Fémi-
230 2564 1223 2666 na” y decididos simpatizadores del femi-
230 2651 1205 2707 nismo, le exhortamos a seguir en su her
227 2694 1223 2768 mosa labor de reclamar los derechos de la
222 2753 1223 2824 mujer, sometida en Santo Domirgo, casi
227 2804 1226 2876 hasta estos días que corren, a una especie
227 2860 1223 2921 de esclavitud y de olvido que deben desa-
225 2909 748 2985 parecer por completo.
227 2957 853 3052 De La "Lucha” de la Romana.
332 3029 1221 3121 Está circulando hoy el número espe-
217 3118 1226 3177 cial de la revista macorisana de este nom-
227 3162 1221 3256 bre que dirije intelijentemente la señorita
1269 1691 1931 1777 Petronila Angélica Gómez.
1371 1757 2275 1834 Prestigiosas firmas de la literatura
1269 1821 2273 1895 nacional figuran en esta edición especial
1272 1885 2280 1946 que representa un laudable esfuerzo para
1272 1928 2273 1994 el que deseamos tener nuestra más sincera
1277 1984 2270 2048 palabra de aliento. Es bueno y honroso
1274 2043 2270 2104 perseverar en esa tarea, sobre todo en este
1267 2092 2273 2163 ambiente instintivamente rehacio a toda
1272 2143 2076 2201 manifestación de cultura literaria.
1371 2171 2270 2250 Consignamos nuestra felicitación a las
1264 2224 2260 2316 esforzadas dames de "Fémina” y las exhor-
1267 2296 2263 2388 tamos a seguir luchando para alcanzar,
1264 2329 1882 2424 seguro, lisonjero triunfo!
1346 2380 2273 2500 Del «Diario de Macoriss, 1o de Agosto 1923.
1366 2464 2268 2556 El día 15 del corriente cumplió su
1267 2523 2268 2602 primer aniversario en la ciudad de San P.
1262 2587 2265 2653 de Macoris, la balla revista que encabeza
1267 2646 2265 2707 estas lineas, expónente de la cultura na-
1267 2694 2265 2766 cional, y que representa un poderoso es-
1267 2735 2030 2807 fuerzo de la mujer quisqueyana.
1364 2766 2268 2868 Enviamos nuestras salutaciones a la
1259 2855 2270 2914 culta Directora Srta. Petronila A. Gomez;
1264 2904 2265 2975 y las Señoras María Luisa Angelis de Ca-
1256 2947 2104 3024 nino y Consuelo Moltalvo de Frias.
1369 2996 2268 3064 Formulamos sinceros votos para que
1264 3064 2270 3133 sua cada día más larga la vida de tan im-
1269 3103 1680 3185 portante Revista.
1267 3151 2176 3264 Del Esfuerzo de Barahona, Julio 19 de 1923.
