2479 3508
290 241 517 336 Página 9
2095 269 2382 398 Fémina
778 356 1858 489 POEMAS BREVES
351 484 1266 610 Que tu amor juegue con mi voz.....
404 582 1310 705 Que tu amor juegue con mi voz; que
296 666 1307 755 descance como debe formar en mi silencio.
398 727 1312 820 Que pase a todos mis movimientos,
297 751 681 847 por mi corazón.
408 822 1295 916 Que brille, lo mismo que las estrellas.
278 882 1301 985 en la obscuridad de mí sueño, y amanezca.
285 943 685 1005 en mi despertar.
398 978 1299 1080 Que arda en la hoguera de mi deseo,
284 1041 1295 1148 y fluya en todas las corrientes de mi pro-
288 1087 528 1165 pio amor.
388 1126 1297 1239 ¡Que yo lo lleve en mi vida, como un
274 1195 1299 1317 arpa su música, y te lo devuelva, al fin,
281 1254 632 1333 como mi vida!
325 1356 1234 1501 No te pongas ante mi ventana...
388 1474 1290 1584 No te pongas ante mi ventana con
271 1543 1294 1637 esos ojos hambrientos de mi secreto, que
277 1607 1293 1686 no es mas que una piedrecilla brillante de
271 1657 1295 1760 dolor, que la pasión ha salpicado de color.
271 1708 542 1793 de saugre.
382 1767 1293 1848 Has traído tus dos manos llenas de
274 1780 1290 1904 regalos para echarlos ante mí en el polvo,
282 1869 1283 1952 y temo, si acepto, crearme una deuda que
266 1934 1287 2033 nunca podré pagar aunque perdiese todo
271 1978 607 2047 lo que tengo.
375 2002 1283 2106 No te pongas ante mi ventana con tu
262 2069 1285 2180 juventud y tus flores, que avergüenzas mí
269 2130 656 2216 vida miserable.
414 2255 1113 2372 Sentí que veía tu cara...
361 2354 1271 2460 Sentí que veía tu cara, y eché mi barca.
249 2427 657 2517 en la oscuridad.
372 2481 1267 2560 La mañana, ahora, raya sonriendo, y
253 2520 1271 2614 están abiertas, ablas flores de primavera.
366 2595 1271 2658 Pero, aunque la luz falle y se mustien-
253 2614 1264 2740 las flores, yo seguiré navegande y nave-
284 2692 423 2774 ando.
363 2722 1277 2819 Cuando me hiceste seña callando, el
251 2796 1263 2907 mundo dormía y la sombra estaba desnu-
249 2850 335 2931 de.
355 2881 1270 3007 Ahora, repican las campanas, y mi
250 2956 902 3036 barea está cargada de oro.
360 2994 1260 3092 Pero, aunque se callen las campanas,
249 3066 1256 3134 y mi barca se quede vacía, yo seguiré na-
257 3123 796 3194 vegando y navegando...
355 3143 1262 3244 Unas barcas se fueron ya y otras no
242 3208 1256 3331 están apararejadas todavía, yo no me en-
1349 523 1594 610 tretendré.
1457 574 2358 699 ¡Mira las velas llenas, los pájaros que
1349 642 1947 730 vienen de la otra playa!
1450 705 2365 785 Pero, aunque las velas se aflojen, aun¬
1352 762 2353 853 que se pierda el mensaje de la otra orilla,
1352 817 2194 908 yo seguiré navegando y navegando.
1395 888 2291 1028 Yo soy para tí como la noche.
1447 1006 2342 1099 Yo soy parati como la noche, florecilla.
1337 1059 2346 1160 Sólo puedo darte mi paz y mi silencio des-
1344 1135 2090 1205 velado, oculto en mi oscuridad.
1434 1178 2341 1258 Cuando abras tus ojos, por la mañana,
1334 1239 2346 1317 te entregaré a un mundo lleno de zumbi-
1332 1289 2216 1363 dos de abejas y de cantos de pajaros.
1439 1348 2342 1427 Lo último que te daré será una lágri-
1332 1381 2335 1471 ma mía, caída en lo más hondo de tu ju-
1336 1450 2341 1521 ventud. Ella te hará sonreír más dulce¬
1334 1509 2339 1596 mente aún, y te velará la visión dela risa
1328 1549 1794 1646 despiadada del día.
1731 1619 2335 1727 RABINDRANATR TAGORE.
1511 1844 2177 1962 Rosas Profanas
1410 1990 2116 2106 Sobre el diván dejó la mandolina
1334 2068 1997 2149 Y fui a besar la boca purpurina,
1318 2124 2024 2194 la boca de mi hermosa florentina.
1410 2176 2247 2272 Y es ella dulce y rosa y muerde y besa;
1318 2228 1974 2298 y es una boca roja, rosa, fresa;
1318 2279 1939 2346 y Amor no ha visto como esa.
1403 2329 2192 2411 Sangre, rubí, coral, carmín, claveles,
1324 2368 2014 2442 hay en sus labios finos y crueles,
1324 2420 2084 2487 pimientas fuertes, aromadas mieles.
1400 2477 2233 2561 Los dientes blancos reinan como versos,
1324 2530 2026 2584 y saben esos finos dientes tersos,
1324 2580 2061 2639 mordiscos caprichosos y perversos.
1395 2619 2192 2697 Dulce serpiente, suave y larga poma,
1324 2663 2021 2733 fruta viva y flexible, seda, aroma,
1324 2714 2099 2782 entre rosa y blancor la lengua asoma.
1399 2778 2091 2841 La florentina es sabia, y ella dice
1324 2816 2069 2886 que en ella estan Elena y Cloe y Nice
1324 2869 1998 2920 y Safo y Clori y Galatea y Bice.
1388 2908 2055 2993 Su risa es risa de una lira loca;
1324 2948 1991 3037 en el teclado de sus dientes toca
1324 3015 1900 3076 amor la sinfonia de su boca.
1395 3045 2088 3124 Y ese cáliz hallé de mieles lleno,
1324 3083 2115 3182 y él el placer y el mal puso en mi seño,
1324 3165 2009 3225 y en él bebí la sangre y el veneno.
1979 3217 2295 3342 RUBEN DARIO.
