2479 3508
212 231 480 334 Fémina
2060 241 2291 344 Página 10
478 344 2134 546 Por el Mundo Social
301 597 1232 674 Grande y grato recuerdo. Con motivo de cmmplir-
208 667 1232 721 se hoy el primer aniversario de la Coronación
214 717 1232 770 Canóniga de Ntra. Sra de Altagracia; y como
212 756 1236 814 homenaje de respeto y simpatia, públicamos en
212 805 1230 859 nuestra portada de este número el grabado de
212 840 1228 911 las dignidades eclesiásticas que nos visitaron
208 898 1232 950 con tal motivo, dándole esplendor y celebridad
208 937 1222 1016 a tan solemne como trascendental acontecimien-
232 987 282 1021 to.
301 1011 1232 1114 Sensible fallecimiente. La prensa puertorriqueña,
212 1090 1213 1162 nos trae la noticia del fallecimiento de la culti-
214 1141 1156 1193 sima y distinguida Señorita Mercedes Solá.
313 1180 1238 1238 Hija de padre ilustre; mujer de privilegiada
214 1220 1228 1290 inteligencia y elevados sentimientos, consagró
220 1265 1222 1333 a su patria su vida entera, legándole los sazonas
220 1314 1069 1370 dos frutos de su cerebroi de su corazón.
311 1331 1232 1423 Fué una de las principales organizadoras de
208 1393 1215 1456 la Liga Feminea en Puerto Rico i durante su ac-
220 1452 1228 1500 tuación en ella, laboyó con ahinco por la santa
208 1496 1228 1561 causa de la liberacion de sus hermanas que
212 1539 956 1613 veían en ella un guia y un apóstol.
311 1559 1232 1640 Descanse en paz el alma de la ilustre borin¬
218 1625 1220 1673 queña fenecida, apropósito de quien, su compa-
214 1658 1222 1724 ñera de labor Feminista, nuestra ilustrada re-
216 1712 1215 1772 dactora Maria de Canino, promete para la pro-
220 1755 1228 1829 xima edicion un interesante articulo necrológi-
305 1833 1232 1932 Atinado nombramiento. El distinguido caballero
220 1910 1222 1978 Don Luis D. Marín, Manager de la Bull Insular
220 1961 1226 2021 Line, ha sido nombrado Agente Consular de los
214 2000 906 2068 Estados Unides, en esta ciudad:
303 2029 1232 2107 Felicitamos al Sr. Marín por la merecida
225 2076 1222 2151 distincion de que ha sido objeto ile deseamos
225 2134 832 2208 exito en su nuevo ministerio.
309 2196 1236 2295 Alegrias del hogar. Los estimados esposos Julios
225 2262 1232 2330 S. Perez y Adelaida de Perez, nos participa en
220 2320 1232 2371 atental simpática tarjeta el nacimiento de su
220 2365 1228 2437 primogénita Luisa Herminia, robusta niña naci¬
225 2408 824 2460 da el día 2 del mes en curso.
317 2427 1232 2511 Nos unimos a la alegria de los felices pa-
220 2497 1232 2552 dres, i deseamos que sea larga y dichosa la vida
218 2540 651 2622 de Luisa Herminia,
311 2600 1236 2703 Crata visita. La hemos tenido la de nuestro
214 2645 1224 2736 estimado amigo el señor Bienvenido Betances-
214 2730 1232 2783 actual Inspector de Intruccion Pública de Baní,
214 2775 1234 2832 quien nos participó su propósito de abrir un
225 2814 1236 2874 colegio para internos en la Capital, probable-
214 2849 943 2929 mente para el més de septiembre.
299 2886 1226 2958 Oportunamente hablaremos sobre tan im-
225 2929 1222 3006 portante obra, en bien de los padres de familia,
307 3018 1236 3094 Un ciudadano. Tambien, la esposa de nuestro
214 3063 1232 3137 amigo el Sr. Miguel Paradas ha obsequiado a
214 3129 1236 3185 éste con un robusto varon, venido al mundo el
218 3160 1230 3249 día 9 del corriente mes ipara quien deseamos
218 3209 793 3290 toda suerte de felicidades.
1355 602 2291 694 Eratas. Mucho nos mortifica cuando salen
1265 670 2293 727 publicados trabajos con erratas, aunque éstas
1265 725 2293 783 sean involuntarias Por eso nos apresuramos a
1263 768 2287 812 corregir las principales, que por error de im-
1265 810 2282 869 prenta se deslizaron en nuestra edicion anterior.
1349 855 2287 913 En el trabajo Nnfalia, léase deleioso en vez de de-
1269 894 2287 956 lieloso. En Optimismo léase anfractuoso en vez
1269 946 2287 993 de infructuoso. En la erónica intitulada Nues¬
1263 981 2287 1044 tros grabados léase Invernales en vez Aniversa:
1265 1026 2278 1086 les;i en la de Escuela Industrial léase presenta-
1265 1073 1782 1137 dos en vez de prestados.
1349 1096 2295 1168 Pedimos excusa a nuestros lectores, a cuyo
1275 1152 2285 1217 buen juicio encomendamos la correccion de las
1271 1203 1893 1281 otras que haya podido notar.
1353 1273 1860 1368 Usando Tinte Oriental
1271 1339 1784 1403 las canas desaparecen;
1279 1386 1827 1450 y las personas al punto
1265 1440 1809 1491 notan que rejuvenecen.
1358 1477 1862 1539 Es un tinte sin iguali
1347 1545 1914 1650 Si se pone cano el pelo
1279 1629 1813 1687 y no sabes que ya usar
1271 1662 1805 1712 encontrarás el consuelo.
1277 1695 1893 1784 usando TINTE ORIENTAD
1355 1780 2291 1864 Primer vástago. El hogar de los esposos Carlos
1273 1844 2285 1922 Andujar y Marina O de Andujar está de pláce-
1275 1899 2285 1959 mes, con el advenimiento de un hermoso varon,
1271 1943 1949 1992 primero en el sexo i en la prole.
1275 1955 2285 2041 Presentamos nuestra enhorabuena a los felices,
1281 2033 2285 2095 padres i deseamos al nuevo ciudadano una vida
1275 2072 1650 2144 larga i venturosa.
1355 2144 2287 2227 Nueva Agente en la Capital- La Sra. Consuelo Vidal,
1269 2186 2289 2272 domiciliada en la Calle José Reyes No. 48, ha
1271 2264 2291 2334 sido nombrada agente de nuestra revista, en la
1281 2299 1456 2363 Capital.
1360 2318 2285 2402 Agradecemos a esta estimada señora la ad-
1269 2381 2299 2453 tividad que viene desplegando en progreso de la
1269 2431 2291 2505 agencia, la felicitamos por la favorable acogida
1277 2480 2206 2542 que cada día le dispensan sus relacionados.
1355 2573 2280 2659 16 de Agosto. Mañana celebra la República Do-
1265 2641 2237 2692 minicana ól años de la Restauración Política.
1362 2690 2297 2752 Reina, gran animación para estas fiestas.
1316 2725 2293 2793 Para el solemue Tedeuin que se celebrará en
1275 2750 2282 2826 nuestra Iglesía Católica hemos recibido del ciu-
1271 2818 2285 2874 dadano Gobernador de la Provincia, atenta invi-
1275 2868 1798 2931 tación que agradecemos.
1349 2876 2287 2966 Loor igloria a los heroes que tremolaron en
1281 2946 2280 3034 Capotillo el pendon de nuestra segunda indepen-
1267 2997 1368 3071 cia..
1360 3065 2311 3142 Sra. Consuelo Montatvo de Frías. Felizmente, ha re--
1269 3121 2293 3195 gresado de la Capital nuestra redactora Sra-
1271 3193 2299 3242 Montalvo de Prias, despues de haber pasado
1275 3234 2285 3290 una grata temporada de recreo. Saluduuosla,
