2479 3508
1607 0 2329 114 Archivo General de la Nación.
1761 67 2134 200 HEMEROTECA
884 224 1609 435 FEMINA
489 473 1905 561 REVISTA DE LITERATURA, CIENCIAS Y ARTES
779 527 1613 606 CONSAGRADA A LA MUJER.
823 622 1553 714 DIRECTORA ADMINISTRADORAS
725 673 1669 781 PETRONILA ANGELICA GOMEZ.
1012 749 1373 835 Maestra Normal.
1023 850 1364 938 REDACTORES;
725 904 1665 989 MARIA L. ANGELIS DE CANINO,
294 938 2098 1032 PETRÓNILA A. GOMEZ. GONSUELO MONTALVO DE FRIAS.
195 1073 346 1160 Año 2
781 1075 1665 1142 San Pedro de Macorís, Septiembre 30 de 1923
1972 1073 2185 1153 Nro. 28
337 1203 2051 1344 NECESIDAD DE CLUBS UNVERSITARIOS DE SENORAS
886 1344 1494 1465 EN LA SOCIEDAD
1256 1458 1838 1548 POR ELENA ARIZMENDI.
375 1539 1165 1649 EXISTEN muchas damas que de
402 1627 1176 1692 sean mejorar su educación y adies-
402 1685 1180 1759 trar sus facultades; pero gran-
399 1725 1173 1813 número de ellas se ven aprisiona-
402 1788 1185 1849 das por timidez natural, por la
402 1838 1167 1903 falta de oportunidades y facilida-
164 1885 1173 1963 des que cierran su horizonte. Sólo las jo-
171 1941 1182 2008 vencitas, y las muy privilegiadas ensanchan.
171 2004 1167 2078 sus conocimientos en colegios y universida
162 2055 862 2116 des y adquieren nuevas ideas.
218 2091 1176 2163 En cualquier lugar por pequeño que sea,
164 2158 1173 2226 en todas las poblaciones, aun en las más
162 2206 1182 2293 lejanas de los grandes centros, se encuentran
162 2264 1176 2342 señoras y señoritas dotadas de carácter
166 2320 1176 2381 enérgico, muy emprendedoras y activas,
171 2369 1180 2434 que pueden tomar la iniciativa para crear.
162 2421 1180 2488 centros de reunión o clubs en que puedan
162 2477 1180 2549 desplegar sus aptitudes, aunque no sean
159 2526 1167 2598 muy expertas en cuestiones de organización.
166 2583 1176 2641 Basta a veces con una sola persona para el
166 2636 1173 2692 objeto. Ella puede mover voluntades, curar
162 2690 1180 2758 las almas abúlicas, convencer a las que con
162 2744 1171 2805 anticipación se niegan con frialdad a exami-
171 2798 1185 2881 nar las ventajas de una idea cualquiera, sin
171 2850 731 2935 saber explicar el porqué.
220 2874 1182 2973 Las personas de gran iniciativa son capa-
171 2935 1178 3011 ces de llegar a entusiasmar a esas frías es-
171 3002 1173 3074 pectadoras, que, prematuramente, han per-
164 3056 1173 3119 dido la frescura de alma, envidiable privile-
173 3110 1180 3191 gio a veces de personas de edad que poseen
175 3166 610 3253 espíritus juveniles.
1265 1537 2219 1640 Así, despertando aquí, vigorizando allá,
1230 1622 2228 1692 pueden fundar clubs instructivos que ofrezcar
1218 1681 2221 1734 la mejor escuela en donde el intercambio de
1214 1732 2215 1791 ideas, el estudio de asuntos útiles y escogi-
1218 1784 2219 1847 dos, y los entretenimientos consiguientes,
1225 1838 2210 1898 proporcionen, al mismo tiempo, goces inte-
1218 1889 2219 1950 lectuales que desarrollen el amor al estudio,
1218 1941 2215 2026 ensanchen los conocimientos teóricos y prác-
1218 1995 1889 2073 ticos y refinen el buen gusto.
1274 2024 2217 2109 Uno de los medios más apropiados para
1221 2100 2127 2172 estimular la inteligencia es la discusión.
1265 2134 2217 2221 Además del infinito placer que esta inte-
1218 2206 2226 2268 resante gimnasia mental despierta, encierra:
1218 2257 2228 2322 tantas ventajas, y trae bienes tan grandes
1230 2311 2221 2383 para todas las personas que toman partici-
1218 2360 2230 2430 pio en ellas, que es difícil apreciar en todo
1218 2412 2226 2479 su valor y a primera vista sus beneficios.
1225 2470 2233 2540 Estos se van descubriendo paulatinamente,
1221 2517 1503 2605 por sí solos.
1274 2549 2221 2643 El arte de la conversación, el de saber
1225 2627 2224 2701 pensar con acierto, el de expresarse con cla-
1223 2681 2233 2753 ridad y el obrar con cordura y reflexión se
1218 2733 2233 2796 cultivan por este medio. La discusión man-
1218 2784 2233 2856 tiene alertas todas las facultades y ofrece
1221 2838 2230 2899 oportunidades para conocer con precisión las
1223 2892 2221 2966 deficiencias o las dotes de cada uno, y per-
1218 2944 2215 3011 mite adquirir, por medio del intercambio y
1223 2998 2224 3063 lucha de las ideas, el conocimiento de nues-
1225 3056 2228 3108 tros defectos, para corregirlos, o el de nues-
1223 3103 2230 3173 tras cualidades para afirmarlas; siempre que
1667 3155 2188 3238 (Continúa en la página 6)
