2479 3508
321 120 598 227 Fémina
2116 117 2325 224 Página 2
306 237 2348 344 LAS HERMANAS DE LA CARIDAD.
1115 344 2360 453 A mis cariñosas Educadoras Sor Julia y Sor JosefIna Sánchez.
1120 433 1915 509 como testimonio de mi constante cariño.
412 489 1304 588 NO puedo negar mi admiración fervo-
336 568 1299 647 rosa, por tan abnegadas mujeres que
275 629 1283 682 abandonando las comodidades del hogar y
275 685 1293 744 sacrificando el amor de la familia consa-
272 733 1288 802 gran su juventud, su vida toda al ejercicio
278 784 1059 843 del bien con prodigalidad suma.
331 830 1291 922 En los campos de batalla, en los colegios,
275 878 1306 952 en los hospitales, en todas partes donde
283 942 1293 1013 hay dolor, donde hay necesidades y mise-
280 1003 1301 1059 rias, están ellas para con sus piadosas ma¬
278 1052 1276 1108 nos y edificantes ejemplos fortalecer
275 1103 1291 1189 alentar a las almas enfermas, a los espíri-
280 1156 596 1227 tus abatidos.
331 1176 1299 1276 Con las hijas de San Vicente de Paul-
278 1258 1286 1322 me eduqué y al calor de aquellas bondado.
272 1319 1293 1398 sas mujeres he pasado los mas dulces y ha-
275 1357 894 1439 lagueños días de mi vida.
339 1400 1281 1474 Ellas con tierno cuidado, con solicitud y
280 1479 1283 1538 con amor modelaron mi cerebro y forma
278 1535 1286 1617 ron mi corazón para la lucha en rudo bata-
285 1576 642 1650 llar de la vida.
331 1630 1291 1693 Ellas con sus sanos consejos libres de
280 1688 1288 1757 todo atavismo me enseñaron a amar la li-
278 1737 1090 1803 bertad, a la patria y a la familia.
321 1752 1291 1889 No hay una mujer honrada, no hay un
1350 497 2348 588 padre de familia digno que no coloque muy
1337 575 2358 639 alto el nombre de las Hermanas de la Cari-
1334 631 2363 695 dad, como educadoras y guardadoras de las
1344 680 2363 751 virtudes y bellezas morales de las jóvenes
1337 741 2174 810 confiadas a su benéfica enseñanza.
1380 777 2358 856 ¡Benditas sean las bienhechoras de la
1337 833 2355 909 humanidad, las heroicas Hijas de San Vi-
1334 896 2358 968 cente de Paul, que por ejercer la caridad.
1334 947 2355 1034 llevan en su alma sublime abnegación,
1329 998 1721 1085 santo heroismo!
1385 1125 2363 1197 En la historia de la humanidad no se
1334 1189 2358 1253 encuentra una institución que pueda com-
1339 1240 2358 1309 pararse con las Hijas de la Caridad. Ellas
1334 1291 2355 1362 con amor sublime llevan al enfermo las
1334 1347 2355 1406 caricias de la madre; prestan ayuda y con-
1337 1398 2358 1459 suelo al desvalido, y son las tiernas y cari-
1329 1451 2358 1512 fosas hijas que sostienen y animan a los
1329 1500 1882 1574 ancianos abandonados.
1383 1535 2348 1632 Nacieron para el ejercicio del bien y
1327 1609 2355 1683 a él se consagraron con abnegación subli-
1337 1670 1436 1731 me.
1383 1688 1956 1798 ¡Benditas de Dios sean!
1487 1765 2307 1874 MARIA LUISA ANGELIS DE CANINO
1071 1986 1563 2096 EX-VOTO
616 2073 830 2159 Princesa:
611 2124 1166 2218 (La del blasón de turquesa).
616 2190 1039 2238 Luce tu mano gentil
619 2210 1240 2309 que en sus perlas vió Estambul
619 2276 1080 2345 y en albos lirios Galil,
621 2327 1052 2381 joya de turquino azul
619 2371 1052 2437 sobre orfebrería sutil.
927 2406 1179 2472 Mano breve:
616 2442 1148 2528 lirio, espuma, casta nieve;
611 2498 858 2556 forma pura
611 2518 1118 2600 de Suavidad y Blancura.
624 2579 1148 2648 que apenas teñir se atrever
611 2635 1092 2686 la sangre con rosa leve.
621 2651 1136 2740 Cuando floreció enliriada
611 2712 1057 2775 tu maravilla de hada.
619 2763 1197 2839 de su origen guardó el rastro.
611 2806 1059 2870 con un retazo de cielo.
619 2847 1176 2918 densificado en un astro ...
619 2900 1125 2959 Por tu joya lo recelos
616 2938 1199 2989 que es un campo de alabastro
624 2989 1113 3035 un blasón de oro y azur.
619 3025 1151 3101 Ohl mano, huélgate en ser
1334 2070 1851 2167 d la que elogiaba Voltaire
1352 2146 1823 2220 en la bella Pompádour,
1362 2200 1767 2256 poderosa y delicado.
1357 2218 1915 2320 como fuera la de una hada.
1355 2335 1826 2419 Es mi rima tu doncella.
1350 2399 1782 2457 aristocrática, y bella
1357 2437 1805 2500 que viste florido traje
1352 2485 1836 2536 de tornasol y de encaje.
1365 2536 1841 2597 Y tu doncella, Princesa,
1360 2572 1793 2635 endulza la roja fresa
1357 2618 1821 2676 que madura al sonreir.
1350 2663 1821 2719 de sus labios, y te besa
1352 2709 1851 2763 en la heráldica turquesa.
1352 2755 1851 2801 montada en oro de Ofir.
1360 2760 1945 2872 De arte y amor será emblema
1352 2837 1798 2903 el beso que deja en tí,
1352 2867 1912 2941 como ofrenda que se quema
1352 2928 1798 2977 sobre tu azuina gema-
1347 2974 1805 3056 cristalizando un rubí.
1393 3025 1523 3099 1908.
