2479 3508
338 156 605 256 Fémina
2086 154 2302 256 Página 4
293 1673 1308 1765 CONSAGRACION EPISCOPAL DE MONS. LUIS A. DE MENA
348 1818 1307 1906 En la ciudad Capital han tenido lugar, el 231
303 1887 1302 1946 de los corrientes, solemnes fiestas religiosas con
310 1937 1298 1996 motivo de la Consagración Episcopal del Iltmo.
315 1980 1295 2036 Monseñor Luis A. de Mena, Arzobispo Titular
309 2025 1295 2082 de Parios y Coadjutor del Excelentísimo Dr.
311 2061 880 2117 Monseñor Adolfo A. Nouel.
351 2079 1297 2165 La prensa y las personas de esta localidad que
310 2144 1300 2211 concurrieron a los actos, ponderan el esplendor
309 2198 1295 2254 de las funciones, la afluencia de fieles y el entu-
311 2241 1304 2292 siasmo que animó a la Primada de las Indias en
309 2282 1284 2343 los días en que ocurrieron los actos conmemora
308 2329 1137 2391 tivos de la exaltación del nuevo Prelado..
351 2370 1290 2426 El Padre Mena es un sacerdote ilustrado y
311 2403 1287 2463 virtuoso, relativamente joven, celoso de su mi
311 2458 1294 2514 nisterio, de consagrada abnegación, y es natural
309 2510 1292 2558 que el pueblo dominicano se haya sentido satis¬
309 2544 1298 2586 fecho de la designación recaída a su favor por
309 2593 1304 2644 resolución de S.S. Pío Xl, encomendándole el
309 2631 1227 2687 gobierno espiritual de nuestra sufrida Grey.
381 2668 1300 2726 Pémina", que es una bandera desplegada que
303 2707 1302 2768 llevan en las manos un grupo de mujeres que no
309 2760 1295 2811 aceptan a la ciencia nada mas que como una
309 2807 1302 2857 consecuencia misma de Dios, que estiman las
311 2844 1302 2902 aguas de la fuente del Catolicismo Romano como
311 2890 1289 2944 las mas puras, puesto que proceden, inconteni-
311 2929 1295 2976 bles en su marcha, del mismo sitio en que Jesus
311 2964 1297 3030 derramó su propia sangre para la redención del
315 3021 1298 3068 género humano, levantamos hoy esa bandera
310 3053 1304 3110 hasta donde el esfuerzo nos ayuda a subirla para
303 3106 1302 3176 elevar nuestros votos a lo Alto porque la obra de
1336 253 2336 338 Monseñor de Mena abunde en gracias y favores
1342 329 2336 377 para este pueblo que en sus horas de angustia
1345 370 2337 425 no tiene otro asilo que el que le presta su fé in-
1345 414 2337 462 quebrantable y su resignación cristiana a los
1345 461 1922 519 designios de la Providencia.
1432 537 2251 619 ESCUDO DE ARMAS DEL NUEVO CONSAGRADO.
1384 676 2343 750 Es curioso conocer los pormenores del Escudo
1336 726 2335 789 de Armas del nuevo Prelado Iltmo. Monseñor
1342 789 2343 842 Luis A. de Mena, cuya reciente Consagración ha
1345 827 2334 881 sido un acontecimiento para toda la República.
1342 875 2325 933 Con algunas nociones de heráldica y la descrip-
1342 913 2341 972 ción que trasladamos a continuación, se podrá
1342 962 2335 1010 fácilmente recordar en todo momento los deta-
1342 1005 2336 1067 lles de los blasones del nuevo Jefe de nuestra
1341 1048 1509 1118 Iglesia.
1682 1089 1979 1192 (DESORIPGION)
1387 1174 2341 1249 “Sobre la cabeza del Escudo se vé el símbolo
1342 1242 2336 1297 universalmente consagrado por el rito: un capelo
1342 1290 2335 1350 pastoral del que pende una doble cordonadura
1342 1318 2336 1381 que cae graciosamente a ambos lados del Escudo,
1342 1375 2336 1428 formando una figura piramidal las diez borlas
1338 1416 2334 1469 que penden de cada uno de los extremos de los
1345 1459 2337 1513 dos cordones; La doble Cruz Arzobispal colocada
1349 1503 2325 1555 verticalmente detrás, déjase ver por sobre el cen-
1345 1547 2337 1599 tro de la banda superior y por debajo de la base.
1349 1590 2335 1637 del Escudo; en los dos cantones deljefe aparecen
1345 1633 2337 1689 la Mitira y el Báculo. El campo superior del
1342 1678 2325 1732 Escudo está dividido por dos lineas horizontales
1342 1728 2336 1773 que forman franjas de los colores de la Iglesia,
1342 1759 2329 1815 blanco y amarillo, atravesadas por una banda a-
1342 1807 2325 1859 zul en la cual se destacan tres estrellas simboli-
1345 1854 2340 1908 zando las tres virtudes teologales: Fé. Esperanza
1345 1896 2337 1942 ¡Caridad. Esta parte es un recuerdo del Escudo
1345 1939 2337 1997 del Ilmo. Sr. Arzobisio Meriño. En la franja
1351 1975 2327 2036 blanca, lado izquierdo, aparece el Corazón Sacra-
1342 2026 2329 2079 tísimo de Jesús, y en la amarilla, lado derecho,
1345 2069 2331 2118 el Monegrama de la Virgen Santísima con una
1351 2105 2327 2165 Corona Real en memoria de la Pontificia Corona
1345 2155 2331 2206 ción de Nuestra Señora de la Altagracia. El
1342 2192 2325 2254 campo de la mitad interior está dividido perpen-
1349 2240 2331 2291 dicularmente en dos cantones: en el izquierdo, el
1345 2281 2322 2332 Escado de la Española, indicando que lo que Es-
1351 2327 2334 2381 paña arrebató a lo desconocido y a la barbarie
1345 2372 2327 2420 con el poder del Evangelio, seconsagra al Sagra-
1342 2419 2335 2465 do Corazón de Jesús y al de su Madre Santísma
1351 2458 2327 2508 para que los destellos del amor infinito alum-
1345 2497 2341 2567 bren y vivifiquen los destinos de esta Isla, hija
1342 2541 2331 2597 predilecta de la que nos dió con la civilización,
1345 2592 2334 2639 su lengua, su fé y su heroísmo. En el cantón
1345 2635 2334 2682 dercho, en campo azul celeste, vése una paloma
1342 2676 2341 2725 con un ramo de olivo, recuerdo del Escudo del
1342 2714 2336 2765 Exemo. Señor Arzobispo Nouel. Bosquéjase en
1342 2758 2331 2807 la parte inferior de este mismo cantón, la monta-
1345 2806 2334 2854 ña de Isabel de Torres, a cuyas faldas se halla
1345 2849 2331 2896 en Puerto Plata, la Cuidad natal de Monseñor
1342 2891 2329 2943 Luis A. de Mena. El Lema FIAT VOLUNTAS
1342 2933 2325 2982 DEl es el mismodel Escudo del Ilmo. Señor Ar-
1338 2977 2334 3025 zobispo Portes e Infante, deudo de Monseñor de
1345 3023 2327 3069 Mena, y es muestra de humildad y aconteci¬
1342 3064 2335 3134 miento a los superiores designios de la DIVINA
1345 3109 1731 3180 PROVIDENCIA”.
