2479 3508
240 144 457 243 Página 5
1948 144 2219 258 Fémina
777 292 1197 409 FUNERARIA.
1201 243 1651 357 EN LA MUERTE DE LA SRTA.
1223 332 1637 409 JOSEFA PEREZ ANDUJAR
349 493 782 594 El llano de Peravia.
354 583 931 662 ha perdido un gran árbol;
345 629 1035 740 cuyo tronco pletórico de savia,
349 704 847 784 derribó el hado impío,
342 758 1160 837 llevándolo al reposo, bajo el mármol
339 829 1119 931 tranquilo de la tumba, mármol fríol
711 945 1187 1049 Icuenían de su vida,
718 1039 1234 1102 que nunca estuvo solo;
716 1077 1570 1173 que a su sombra creció lozana hierba;
718 1162 1501 1237 que en veces adoraba al dios Apolo,
712 1215 1538 1322 ique ofició en el templo de Minerva.
1082 1331 1741 1420 Iya no canta alegre la torcaz.
1082 1417 1798 1487 En esa soledad solo se escucha
1072 1491 1862 1551 el quejido profundo de una alondra,
1081 1542 2060 1623 que mientras de un ciprés busca la sombra,
1072 1615 1854 1702 en la oscura mansión halla la paz.
345 1701 1074 1829 Al apagarse aquella luz fulgente,
342 1795 842 1868 es tan cierta mi pena,
348 1831 1220 1946 que siento que el pesar nubla mi frente-
342 1911 1043 2017 isiento de tristor el alma llena.
721 2026 1421 2121 Yo no la conocí; empero siento
712 2096 1534 2183 que de esa tumba el mismo soplo frio
702 2176 1458 2248 embarga de tristeza el pecho mío,
704 2219 1537 2311 al pensar que aquel árbol, sin aliento
712 2291 1547 2374 cae para siemprel, ¡en fatal momento!
706 2360 1539 2455 deja enel valle un singular vacio.
1064 2464 2083 2568 Mas no...., que nunca mueren los que dejan:
1067 2553 1815 2635 el rastro de su luz sobre la tierra.
1071 2615 1774 2685 Ellos viven el cielo de la Gloria;
1064 2673 1883 2750 son páginas gigantes de una historia.
1073 2734 1914 2827 que les dá brillo eterno en sus anales,
1071 2800 1815 2869 aves paras, de vuelos inmortales,
1069 2846 1919 2958 soles eternos, que el arcano encierral.
1524 2943 2021 3076 Petronila Angélica Gómez.
1059 3070 1459 3192 Septiembre, 1923.
