2479 3508
310 129 575 243 Femina
2099 133 2309 244 Página 6
699 241 1900 347 NECESIDAD DE CLUBS UNIVERSITARIOS ETC...
970 380 1631 478 (Continuación de la la, página)
271 451 1180 548 no nos guíe la pasión o el amor propio.
329 524 1271 599 No podemos negar que hay personas re-
271 563 1295 657 fractarias a todo adelanto; citaremos un
271 638 1285 689 caso: Una señora que figuraba entre lo me-
274 683 1288 750 jor de una población, al hacer el relato del
271 743 1288 795 las visitas hechas a sus amigas, se expresa-
280 794 1292 866 ba siempre en términos idénticos, como lo
282 848 1282 919 puede hacer un fonógrafo: "Llegué, toqué,
277 900 1291 960 tan tan. Me respondieron: ¿quién es? Les-
288 954 1287 1009 contesté—Yo soy.." Hago punto omiso
277 1002 1280 1074 del resto del diálogo entre esta persona y
273 1059 1261 1120 las de la familia visitada por su trivialidad.
326 1111 1292 1179 Esta dama, durante muchos años, había
271 1170 1295 1222 repetido las mismas frases, en el mismo
276 1217 1288 1270 orden y con la misma prolijidad en cada
280 1271 1294 1325 vez. Si aún vive, puede asegurarse que no
279 1324 1279 1391 las ha alterado. Ademanes, maneras, tra-
286 1367 1285 1448 je, gustos, ideas, simpatías y antipatías,
280 1421 1282 1487 todo estaba estereotipado en ella. Era re-
274 1480 1292 1557 fractaria por instinto a todo cambio. Si se
276 1529 1291 1602 le hubiese pedido una opinión acerca del
283 1595 1295 1656 proyecto de organizar un club destinado a la
283 1640 1282 1704 educación de las señoras, lo hubiera consi-
283 1680 1282 1760 derado como una cosa supérflua. Es más,
280 1740 1282 1804 si lo huciese visto funcionando, hubiera pro-
277 1797 1291 1858 testado y jurado que era impropio asistir al
280 1842 1288 1917 esas reuniones que, según su criterio, sólo
277 1906 1295 1960 serviría para malgastar el tiempo, perturbar:
271 1948 1153 2022 los espíritus y fomentar la pedantería.
322 2008 1295 2082 Hay que convenir en que el profundo-
277 2062 1295 2131 saber, la gran elocuencia, la finura y elegan-
280 2111 1303 2186 cia en el estilo no están al alcance de todo.
277 2158 1282 2227 el mundo. No pedimos tanto; pero la no-
277 2216 1297 2282 ble intención, el esfuerzo, la decencia, la
277 2267 1297 2339 corrección, la sencillez y la sinceridad no
280 2324 1291 2387 están vedados a nadie. Estas cualidades,
279 2374 1291 2462 si no se poseen, seguramente que pueden
276 2426 527 2501 cultivarse.
334 2579 1292 2657 Debemos cultivar con preferencia la más
283 2622 1294 2701 bella de las virtudes: el amor a la verdad.
289 2690 1300 2761 Lafalsedadforma una gruesa costra, perdón
283 2749 1298 2821 por el símil, pero con el tiempo la verdad la
277 2803 1057 2871 rompe y se filtra a través de ella.
335 2839 1292 2913 ¿Qué mérito puede tener el ocuparse de
283 2896 1294 2967 embustes y chismografía cuando la vida es
280 2956 1303 3023 tan corta que apenas alcanza para tratar del
280 2998 777 3082 todas sus realidades?
337 3053 1300 3119 Hay que convertirse en escultor de cosas,
280 3115 1294 3185 reales, racionales y bellas, y no perder el
1325 457 2345 545 tiempo en asuntos baladies o malsanos. Al
1321 535 2339 602 aspirar el aire de la vida activa, debe con-
1334 583 2354 650 quistarse el mérito de juzgarse y conocerse.
1322 638 2354 707 a sí mismo, subyugando la divagación, la
1331 693 1918 767 vacilación y el desaliento.
1385 719 2350 807 No hacen falta en un club universitario las
1331 788 2333 875 que tengan la ambición de brillar únicamen-
1328 849 2339 904 te; ni tampoco las que pretendan mantener.
1331 901 2335 964 las puertas cerradas para el vulgo, trasfor-
1325 958 2336 1015 mándolo en una escuela esotérica. Al con-
1331 1008 2345 1068 trario, la música de las ideas debe ser el
1331 1059 2341 1123 patrimonio de los espíritus obliterados por
1331 1110 2356 1179 la ignorancia. El deseo de saber hermana
1328 1173 1948 1228 a todos los seres humanos.
1387 1214 2342 1282 Un club destinado al estudio, que abra-
1334 1270 2330 1340 hospitalariamente sus puertas a las más ig-
1328 1331 2338 1381 norantes, representaría en su más alto gra-
1331 1378 2336 1445 do, el sincero sentimiento de la caridad.
1328 1421 2341 1496 Este no es un problema insoluble. Todo se
1331 1487 2336 1542 reduce a la selección de programas adecua-
1334 1536 2339 1602 dos a cada tipo intelectual, los que deberán
1328 1590 2338 1646 ser bastante amplios y variados para ajus-
1333 1646 2333 1700 tarse a todos los gustos, caprichos e inclina-
1328 1691 2339 1757 ciones. Si éstos saben conservar vivo el
1328 1751 2342 1825 interés harán imperecedera la existencia de
1328 1797 1614 1870 la sociedad.
1385 1846 2342 1914 Indudablemente que es satisfactorio enri-
1331 1908 2341 1978 quecer nuestra imaginación y disciplinar
1328 1954 2339 2023 nuestro espíritu. Mas, si tenemos el dere-
1337 2011 2339 2073 cho de aspirar a nuestro perfeccionamiento,
1331 2068 2356 2137 estamos en el deber de hacer efectivas estas
1331 2132 2137 2185 aspiraciones en bien de los demás.
1388 2156 2345 2228 Una sociedad organizada bien realizará.
1328 2224 2137 2293 estos ideales, podemos asegurarlo.
1388 2266 2353 2341 No hay que sentarse a esperar a que la
1334 2321 2348 2392 oportunidad llegue; hay que estimular las
1337 2387 2348 2451 voluntades, unirse para formar un ambiente.
1340 2435 2354 2507 propicio que proporcione el punto de partida.
1331 2486 2345 2549 inicial, y que justifique al fin los nobles es-
1334 2538 1787 2609 fuerzos empeñados.
1388 2571 2338 2652 En resumen: los cimientos de toda socie-
1337 2634 2339 2704 dad o club de señoras deberán ser la mutua
1343 2697 2342 2758 y sincera simpatía, la benevolencia, el ver-
1337 2752 2354 2838 dadero deseo de ayudarse mutuamente, y el
1337 2809 2260 2872 amor por el adelanto y mejoras sociales.
1388 2851 2354 2922 Estos principios nacidos de un verdadero,
1337 2913 2336 2976 sentimiento cristiano, han facilitado el cami-
1339 2967 2354 3035 no a la mujer norteamericana, para obtener
1337 3026 2354 3089 éxito en sus grandes organizaciones, que ya
1334 3083 2353 3133 se extienden por todas las partes del mundo.
1397 3116 2357 3209 Nos faltaba agregar que la disciplina y el
