2479 3508
264 158 468 260 Página9
1948 156 2214 254 Femina
240 279 1123 376 VOCES CORDIALES
364 364 1079 458 ALENTADORAS-
228 468 1027 575 Santo Domingo 15 de Marzo 1923.
228 564 974 654 Sta. Petronila Angélica Gómez.
227 630 762 716 San Pedro de Macorís.
227 712 782 802 Mi estimada discípula:
270 796 1218 863 Hace algunos dias recibí varios ejempla-
232 849 1218 906 res de su simpática revista Fémina, en uno
228 903 1216 979 de los cuales tuvo usted la bondad de repro-
225 955 1221 1010 ducir un artículo mío, acompañado de mi
225 1006 1215 1064 retrato. Yo le doi las gracias por esa defe-
225 1061 1221 1118 rencia que produjo en mi alma verdadera
234 1107 1224 1177 satisfacción, no por la alabanza que hace,
232 1168 1224 1219 usted de mi pobre escrito, sino porque me
232 1218 1230 1270 trajo el recuerdo de dias más felices, como
230 1270 1230 1346 lo eran en efecto para mi, aquellos en que
234 1312 514 1393 yo escribía...
283 1348 1224 1429 Su revista representa un esfuerzo gene-
232 1404 1221 1488 roso d. merece ayuda, i no dudo que ha de
237 1475 1225 1533 encontrarla Ud. mas eficaz que la mia.
234 1523 1224 1592 Por lo pronto, tenga la bondad de contarme
225 1579 1224 1638 en el número de los suscritores, i no dude
237 1626 1225 1707 que le remita luego para su publicación al-
228 1684 1137 1760 go, nuevo o viejo, de mi pobre pluma.
303 1750 1143 1849 Soi de Ud. afectísimo S. S. i amigo.
538 1833 982 1920 A. GAROIA MELLA.
227 1975 921 2092 Santo Domingo, Sep. 6. 1928.
232 2060 1230 2149 Sta. Petronila A. Gómez ¡Sras. Consuelo M.
232 2128 952 2215 de Frias i María L. de Canino.
279 2197 1230 2280 Habieudo recibido su mui atenta carta,
232 2268 1230 2329 no he podido menos que sentirme feliz al
237 2323 1228 2384 ver que en ésta Patria nuestra también
234 2366 1032 2427 haí mujeres de espíritu feminista.
294 2413 1224 2485 Para mi será un placer daros la colabo-
237 2480 1221 2531 ración que de mideseais, fun honor per-
243 2530 1231 2588 tenecer al grupo de mujeres que sostienen
237 2585 1226 2641 vuestra revista "Fémina” con tan gran
233 2634 477 2722 propósito.
473 2678 1051 2789 Les saluda atentamente.
542 2779 1233 2876 Mignon Coiscou Henriquez.
294 2944 1233 3012 FEMINA. San Pedro de Macorís, Repú-
240 3007 1235 3099 blica Dominicana.- Revista de literatura,
1267 273 2251 361 ciencias iartes, consagrada a la mujer,
1267 354 2251 417 Directora: Petronila Angélica Gómez. El
1264 411 2240 463 número que nos ha visitado trae un ar-
1255 454 2253 515 tículo de nuestro antiguo colaborador Dr.
1270 508 2252 598 Fed. Henriquez i Carvajal, titulado "Fe-
1261 560 1783 642 minismo isufragismo”.
1310 605 2255 710 (De la Revista "Orto”, Mauzanillo, Cuba)
1264 732 2248 825 A MI HERMANA DELIA.
1897 876 2206 981 Para "Fémina".
1321 979 1815 1072 Qué triste miras hoy!
1276 1052 2252 1142 Tu semblante está pálido como una perla...
1318 1111 1737 1188 Qué te preocipa?
1318 1135 2253 1238 El alba despierta. Vamosa tomar el ai-
1267 1213 2251 1276 re fresco de la mañana.. Vuelve a tu color.
1323 1272 2248 1335 No oyes los armoniosos cantos de los pá-
1270 1317 2179 1397 jaros que vienen a alegrar tu corazón?
1320 1373 2253 1444 Ta melancolia necesita un paisaje celes-
1272 1422 1946 1489 tial, una tierra de sueños......
1318 1470 2251 1560 Tu semblante está pálido como una per-
1267 1525 1403 1616 la......
1864 1592 2202 1687 ELENA GURIEL
1264 1661 1788 1758 Santo Domingo, 1922.
1376 1760 2153 1865 ANIVERSARIO DE
1565 1849 1946 1947 FEMINA.
1327 1987 2248 2087 Esta simpática revista de Macoris del Su-
1270 2072 2253 2139 deste, dedicada a la mujer, ha lanzado a la
1270 2128 2252 2197 publicidad con motivo de su primer ani-
1270 2173 2258 2237 versario, una nutrida edición que enaltece
1279 2231 2257 2292 y honra el propósito cultural de su Cuerpo
1276 2278 2260 2344 Directivo donde empeña sus altos ideales
1270 2329 2258 2400 nuestra compañera en la prensa, Srta. Pe-
1270 2385 2258 2454 tronila Angélica Gómez su Directora—Ad-
1274 2441 1587 2505 ministradora.
1274 2474 2260 2546 «Ecos del Valles que amerita la labor ren-
1274 2546 2263 2606 dida por esas cultas e inteligentes damas,
1279 2592 2263 2653 les envia sus parabienes deseando, a la vez.
1274 2648 2260 2713 que cumpla muchos aniversarios más para
1270 2698 2062 2776 prestigio de la mujer dominicana.
1500 2754 2202 2857 De "Ecos del Valle", de Bauí.
1421 2918 2118 3013 Solución a la Charada No. 133
1584 2990 1962 3093 AQUILINO.
