2479 3508
352 120 622 227 Fémina
2105 139 2352 240 Página 10
502 287 2221 459 Por el Mundo Social
358 577 1323 673 “Los Derechos de la Mujer".—Este es el título de un
302 652 1318 707 importante libro que por correo certificado he-
304 697 1316 757 mos recibido, escrito por el Sr. Baltazar
304 733 1316 804 Brum, Presidente de la Republica del Uruguay.
311 789 1321 860 Adjunto a este libro hemos recibido "La Paz de
311 827 1170 890 America", nuevo folleto del mismo autor.
337 857 1325 928 Hojeando Los derechos de la Mujer", hemos
317 903 1325 969 visto que su autor hace en él, en defensa de la
311 950 1321 1020 Mujer, una gran reforma a la Legislación Políti-
307 997 748 1061 ca iCivil de su país.
343 1044 1325 1115 A reserva de escribir luego un serio idetenido,
304 1087 1323 1143 juicio sobre libro tan interesante, nos complace-
309 1136 1327 1200 mos por ahora, en acusar recibo de él, i enviar
302 1170 1325 1261 las gracias al eminente escritor, feminista, ialto,
313 1216 697 1288 político uruguayo.
354 1280 1321 1359 Subsanando—En las notas que se refieren a Dón-
304 1310 1325 1396 Juan Felix Peguero, en nuestra edición anterior,
307 1385 1325 1443 se deslizó una gran falta de concordancia, que la
313 1423 1321 1481 prontitud conque se corrigieron las pruebas
304 1466 1325 1535 nos impidió verponde dice sellaron siempre,
302 1505 1128 1574 sus actos, léase selló siempre sus actos.
349 1531 1323 1619 En el epigrafe de la composición poética Ol
311 1586 1316 1659 Tú, del poeta Ldo. Quiterio Berroa, en vez de
313 1644 1323 1719 ¿Montelle au diesger debe leerse mortelle aue
309 1676 461 1751 deesse.
319 1704 1316 1786 Apesar de que se sobrentiende, por estar
307 1775 1318 1833 compañado del clisé del autor, el artículo "El I-
317 1822 1329 1878 deal Social” de nuestra edición anterior, es del
311 1856 1321 1929 Ldo. Luis O. del Castillo, cuya firma debió haber
309 1906 1329 1996 llevado al pié, por continuar en otra página dichos
304 1944 497 2007 artículo.
349 1970 903 2071 Valgan estas aclaraciones..
349 2017 1338 2144 Sentida muerte.—El día 25 de este mes, se durmió
311 2101 1321 2178 en la paz del Señor, en Sto. Domingo, el respeta
304 2148 1323 2242 do anciano Pedro Pablo Hernandez, de vida ejem-
313 2202 770 2253 plar i de alma blanca.
352 2232 1318 2313 Deja una numerosa ¡apreciada familia, empa-
302 2285 971 2350 rentada con nuestra Directora.
352 2332 1327 2397 Mientras rogamos a Dios por el descanso del
307 2369 1325 2452 alma del anciano fenecido, enviamos nuestro pé-
313 2420 907 2504 same a sus afligidos deudos.
304 2474 1316 2564 Bienvenida—Se la damos a la distinguida señora Dor
304 2536 1323 2600 ña Sara Simounet de Marin, esposa de nuestro
307 2583 1325 2654 amigo el Sr. L. D. Marin, i quien acaba de llegar
307 2630 1125 2690 de Pto. Rico acompañada de sus niños.
337 2665 1329 2746 Nos alegramos que haya regresado en perfecto
304 2703 652 2785 estado de salud.
343 2761 1323 2849 Nemesio R. Canales.—La Preusa de Pto. Rico nos
304 2806 1323 2894 trae la noticia del fallecimiento del eminente abo-
304 2866 1323 2935 gado i poeta borincano Sr. Nemesio R. Canales.
356 2920 1321 2973 Gran orador, iateneista, su vida fué de conti-
311 2941 1327 3016 nua labor potriótica. Fué miembro por mucho
313 3010 1327 3074 tiempo de la Cámara de Delegados, Redactor de
334 3044 1316 3113 El Dia” diario ponceño. Formó parte de la com-
311 3085 1316 3145 pañía Editora de la Revista de Las Antillas. Mu-
313 3145 1314 3203 rió abordo del vapor San Lorenzo, cuando acom-
1368 581 2388 675 pañando al Gobernador de Puerto Rico, iba en
1359 662 2382 718 comisión, para recabar de los altos Poderes de
1370 705 2390 778 Vashington la ampliación i modificación de la
1361 746 1940 808 Carta Orgánica, de su país.
1398 776 2382 849 Duermna en paz el ilustre pensador, patriota
1361 832 2388 915 hasta su muerte, y nos unimos al duelo de la an-
1361 879 1681 943 tilla hermana.
1406 890 2397 986 Nuevos colegas —Dirigidoi redactado por nuestro
1361 969 2380 1016 estimado amigo el fecundo escritor i alto poeta E-
1361 1016 2392 1070 milio A. Morel, ha comenzado a circular enla
1361 1057 2382 1121 Capital La Evolución" importante periódico que
1355 1104 2384 1170 ha venido a honrar nuestra mesa de redacción.
1406 1149 2373 1209 Tambien hemos recibido Hispano America
1363 1168 2380 1241 otro periódico de Tegucigalpa (Honduras) que la
1363 1235 2369 1288 bora por la autonomía i unión de Centro Améri-
1363 1280 2390 1357 ca. Está dirijido por el vibrante eseritor Froilán
1363 1314 1550 1389 Turcios.
1404 1331 2266 1423 La interesante revista literaria "orto
1370 1400 2377 1479 Manzanillo, Cuba, ha comenzado a visitarnos con
1363 1447 1844 1516 el número 16, año XIl.
1404 1479 2380 1561 El Paladin, periódico independiente, de San
1363 1528 2380 1595 Francisco de Macoris. Nos ha visitado el núme-
1368 1586 1516 1646 ro. 31.
1398 1595 2388 1709 Tendremos muchísimo gusto en corresponder
1359 1672 1839 1726 a estos citados canges.
1385 1696 2384 1769 Señorita Ramirez. —Tenemos el gusto de saludar a la
1361 1760 2388 1820 simpática señorita Josefina Bamirez, profesora
1374 1809 2380 1867 Normal, recienllegada de Pto. Rico, i quien se
1361 1856 2377 1914 hospeda en casa de su tía la Sra. Doña Carmen
1363 1902 2146 1977 de Cordero, estimada amiga nuestra.
1415 1938 1908 1998 Dámosle la bienvenida.
1408 1974 2382 2037 Elenita Curiel—Esta jovencita capitaleña amiga
1370 2032 2382 2092 nuestra de l6 años de edad, demuestra poseer
1363 2077 1968 2124 una gran vocación literaria.
1406 2084 2380 2178 Al publicar en esta edición un paqueño poema
1366 2157 2388 2223 de su pluma, tenemos el gusto de felicitarla, exor-
1374 2206 2380 2287 tándola a que siga cultivando el campo de las be-
1370 2245 1595 2307 llas letras!
1408 2283 2382 2354 Redactora Montalvo de Frias—Ya restablecida de los
1361 2341 2388 2390 quebrantos de saludque la aquejaban, se encuén¬
1361 2386 2375 2448 tra entre nosotros, de regreso de la Capital,
1361 2427 2380 2476 nuestra estimada redactora Dona Consuelo Mon-
1361 2472 2380 2523 talvo de Frias. Con inmenso placer damos esta
1363 2512 1535 2568 noticia.
1404 2551 2384 2626 Nuevo ciudadano —La esposa del Señor Teófilo Ceá-
1370 2600 2375 2667 ra ha obsequiado a este con un hermoso varon, se-
1368 2656 2373 2714 gundo en el sexo ¡en la prole. Nuestra enho-
1361 2699 2377 2765 ra buena a los felices padres, ¡que tenga larga!
1363 2748 2062 2819 dichosa vida el nuevo ciudadaño.
1406 2780 2382 2858 Vapor Calherine—La compañía Bull Insular Line
1368 2830 2365 2890 tiene el gusto de ofrecer al público el vapor Ca-
1363 2892 2362 2946 therine, para el tráfico entre Pto. Rico i esta re-
1361 2922 1533 2982 pública.
1404 2941 2388 3021 Dicho vapor ha sido debidamente reformado
1368 2988 2386 3111 pira el transporte de pasajeros i está dotado
1361 3057 1949 3113 de excelentes comodidades.
1404 3093 2382 3153 Felicitamos a dicha compañía por haber pues-
1359 3153 2388 3241 to al servicio un vapor g. se hacía tan necesario.
