1781 2735
524 396 1108 441 SEMANARIO "FILIPINAS”
629 450 1004 487 POR Y PARA LA MUJER
358 585 1297 631 NUESTRAS ILUSTRADAS
675 1475 985 1511 SRTA. ELPIDIA YÍA
220 1672 1510 1714 Esta jóven es una de las filipinas más encantadoras, inteligencia cla¬
136 1711 1511 1754 rísima, corazón de angel, hermosa como hay pocas. Desde muy niña cursó
146 1752 1501 1796 la primera enseñanza en la escuela pública de su pueblo natal, Pagsanghan,
144 1789 1503 1834 Laguna, continuó después sus estudios en el Instituto de Mujeres
146 1831 1511 1872 de esta ciudad, donde obtuvo las más brillantes calificaciones. Terminada
136 1870 1511 1912 su educación en castellano, indujéronla sus nobles ambiciones al estudio
142 1909 1506 1951 del inglés y sucesivamente cursó y aprobó los estudios oficiales en las es¬
148 1949 1515 1991 cuelas primaria, intermedia y superior de la Laguna, ingresando después
147 1989 1517 2029 en la superior de Manila, en la cual acaba de licenciarse. Hace cuatro
136 2030 1516 2068 años tomó parte en las oposiciones oficiales para cubrir las plazas de alumnos
137 2069 1521 2109 pensionados en los Estados Unidos, y con brillante promedio de 94,62
140 2111 1517 2147 conquistó el cuarto puesto de la lista entre los 47 opositores que fueron
141 2153 1523 2187 aprobados. La Srta. Elpidia Yía es, pues, una perla de inmenso valor
145 2195 618 2228 de este Extremo Oriente,
227 2234 1527 2269 Esta biografía, lo mismo que el cliché del retrato debemos á la ama¬
135 2274 1120 2306 bilidad del Sr. Editor del “Philippines Free Press.”
