1796 2726
300 356 344 388 10
543 343 1351 380 NUESTROS VOLCANES
795 1258 1138 1290 EL VOLCAN MAYON
333 1320 1661 1357 La acción volcánica ha ejercido constantemente en Filipinas poderoso influjo, mar¬
276 1353 1658 1390 cándose dos zonas paralelas, una que recorre la parte oriental del país y otra la occiden¬
285 1391 1064 1424 tal, en la dirección aproximada de SSE. á NNO.
348 1419 1656 1457 Uno de los volcanes existentes en la isla de Luzon es el MAYON situado en la pro¬
280 1452 1666 1490 vincia de Albay, que es el más importante de Filipinas y uno de los más notables del
284 1485 1666 1522 mundo. La meseta de la cumbre mide 2.734 piés sobre el nivel del mar. Su cráter se
282 1518 1664 1555 halla en los 1279 20'10" de longitud del meridiano de Madrid- y 1300 14'10” de latitud
288 1551 1666 1589 N., al O. del pueblo de Libog y al NO. del de Albay. Su base no tiene menos de 26
288 1585 1660 1621 kilómetros de diámetro. La cordillera en que se encuentra sirve de límite á las provin¬
292 1619 1668 1655 cias de Camarines Sur y Albay. Su base no tiene menos de 26 kilómetros de diámetro.
292 1653 1660 1688 La cordillera en que se encuentra sirve de límite á las provincias de Camarines Sur y
286 1685 1665 1721 Albay. El MAYON se descubre desde gran distancia, sirviendo de faro á los buques que
294 1717 1666 1754 atraviesan el estrecho de San Bernardino. La figura del volcan es cóníca. Elévase ais¬
291 1754 846 1786 lado, altivo, majestuoso, imponente.
356 1782 1672 1820 La primera erupción de este volcan de que se tiene noticia, ocurrió en Febrero de
298 1817 1668 1852 1616. En Junio de 1766 arrojó cenizas, arenas y grandes piedras, sintiéndose repetidos
298 1850 1664 1886 temblores.—El 23 de Octubre de 1767 tuvo lugar una muy terrible, que destruyó total¬
296 1884 1658 1919 mente el pueblo de Malinaw y ocasionó grandes daños á los de Cagsawa, Camalig, Bud¬
295 1916 1662 1952 yaw, Guinobatan, Polangui y Ligaw. En el año de 1800 ocurrió otra gran erupción des¬
300 1950 1672 1986 pidiendo arena, cenizas y piedra en considerable cantidad. Mucho más asoladora aun
300 1983 1662 2018 fué la acaecida el 1.o de Febrero de 1814.—En 1827, 1834 y 1835 hubo fuertes erup¬
299 2016 1667 2051 ciones, aunque menos desastrosas.- El 21 de Enero de 1845 principió otra erupción que
301 2050 1665 2085 duró ocho días.—En 1851 se registran dos erupciones de ceniza. El 27 de Julio de 1853
301 2082 1670 2118 acaeció otra. En 1855 y 1857, nuevas erupciones llevaron el pánico á los habitantes de
302 2114 1668 2152 la comarca. El 2 de Octubre de 1872 otra erupción produjo grandes perjuicios á los
304 2147 1660 2185 pueblos.—La que tuvo lugar el 12 del mismo mes en que arrojó gran cantidad de pie¬
303 2182 1659 2218 dra y arenas, cortó por completo el volcan, desde su cumbre hasta un tercio del mismo.
307 2215 1670 2251 La cortadura presenta un ancho de 40 á 50 metros. También en 1875 despidió enormes,
299 2247 1656 2285 piedras.—El 16 de Julio de 1881 hubo una erupción de lava. Posteriormente han ocu¬
308 2280 1660 2318 rrido varias erupciones, y aun ahora continua despidiendo espesas nubes de humo y ro¬
294 2317 1495 2354 jizos resplandores que lo revisten de imponente aspecto y majestuosa esbeltez.
