<?xml version="1.0" encoding="UTF-8" standalone="yes"?>
<PcGts xmlns="http://schema.primaresearch.org/PAGE/gts/pagecontent/2013-07-15" xmlns:xsi="http://www.w3.org/2001/XMLSchema-instance" xsi:schemaLocation="http://schema.primaresearch.org/PAGE/gts/pagecontent/2013-07-15 http://schema.primaresearch.org/PAGE/gts/pagecontent/2013-07-15/pagecontent.xsd">
    <Metadata>
        <Creator>prov=University of Rostock/Institute of Mathematics/CITlab|PLANET AI GmbH/Gundram Leifert/gundram.leifert@planet-ai.de:name=Philippine newspapers(htr_id=33524)::::v=2.6.7
prov=University of Rostock/Institute of Mathematics/CITlab|PLANET AI GmbH/Tobias Gruening/tobias.gruening@planet-ai.de:name=de.uros.citlab.module.baseline2polygon.B2PSeamMultiOriented:v=2.6.7
prov=University of Rostock/Institute of Mathematics/CITlab|PLANET AI GmbH/Tobias Gruening/tobias.gruening@planet-ai.de:name=/net_tf/LA73_249_0mod360.pb:de.uros.citlab.segmentation.CITlab_LA_ML:v=2.6.7
prov=University of Rostock/Institute of Mathematics/CITlab|PLANET AI GmbH/Tobias Gruening/tobias.gruening@planet-ai.de:name=/net_tf/LA73_249_0mod360.pb:de.uros.citlab.segmentation.CITlab_LA_ML:v=2.6.7
prov=University of Rostock/Institute of Mathematics/CITlab/Tobias Gruening/tobias.gruening@uni-rostock.de:name=/net_tf/LA73_249_0mod360.pb:de.uros.citlab.segmentation.CITlab_LA_ML:v=2.3.0
</Creator>
        <Created>2019-04-19T16:15:22.477+02:00</Created>
        <LastChange>2025-10-19T19:25:51.993+02:00</LastChange>
        <Comments>
                Measurement unit: pixel
                PrimaryLanguage: English
                Language: SpanishTraditionalSort
                Producer: ABBYY FineReader Engine 11</Comments>
        <TranskribusMetadata docId="141751" pageId="5257957" pageNr="5" tsid="258326710" status="GT" userId="30120" imgUrl="https://files.transkribus.eu/Get?fileType=view&amp;id=THWQOHJYCZUWLVJIHHDLTHMA" xmlUrl="https://files.transkribus.eu/Get?id=EYGJWHLJNVEGZBOTWCQEBYWP" imageId="3075284"/>
    </Metadata>
    <Page imageFilename="0005_image00305.jpg" imageWidth="1790" imageHeight="2726">
        <PrintSpace>
            <Coords points="74,282 1690,282 1690,2706 74,2706"/>
        </PrintSpace>
        <ReadingOrder>
            <OrderedGroup id="ro_1781166432652" caption="Regions reading order">
                <RegionRefIndexed index="1" regionRef="r_5"/>
                <RegionRefIndexed index="2" regionRef="r_4"/>
                <RegionRefIndexed index="3" regionRef="r_6"/>
                <RegionRefIndexed index="4" regionRef="r_7"/>
                <RegionRefIndexed index="6" regionRef="r_3"/>
                <RegionRefIndexed index="7" regionRef="r_2"/>
            </OrderedGroup>
        </ReadingOrder>
        <GraphicRegion id="r" custom="readingOrder {index:0;}">
            <Coords points="64,265 1564,265 1564,388 64,388"/>
        </GraphicRegion>
        <TextRegion id="r_5" custom="readingOrder {index:1;} structure {type:page-number;}">
            <Coords points="1513,449 1413,449 1413,393 1513,393"/>
            <TextLine id="l" custom="readingOrder {index:0;}">
                <Coords points="1439,382 1473,382 1473,432 1439,432"/>
                <Baseline points="1439,427 1473,427"/>
                <TextEquiv>
                    <Unicode>11</Unicode>
                </TextEquiv>
            </TextLine>
            <TextEquiv>
                <Unicode></Unicode>
            </TextEquiv>
        </TextRegion>
        <TextRegion id="r_4" custom="readingOrder {index:2;} structure {type:header;}">
            <Coords points="1413,449 118,449 118,393 1413,393"/>
            <TextLine id="l_15" custom="readingOrder {index:0;}">
                <Coords points="520,444 548,444 576,443 604,443 632,442 660,442 688,442 716,441 744,441 772,441 801,441 829,441 857,440 885,440 913,440 941,439 969,439 997,439 1025,438 1053,437 1082,436 1082,393 1053,394 1025,395 997,396 969,396 941,396 913,397 885,397 857,397 829,398 801,398 772,398 744,398 716,398 688,399 660,399 632,399 604,400 576,400 548,401 520,401"/>
                <Baseline points="520,430 548,430 576,429 604,429 632,428 660,428 688,428 716,427 744,427 772,427 801,427 829,427 857,426 885,426 913,426 941,425 969,425 997,425 1025,424 1053,423 1082,422"/>
                <TextEquiv>
                    <Unicode>SEMANARIO "FILIPINAS"</Unicode>
                </TextEquiv>
            </TextLine>
            <TextEquiv>
                <Unicode></Unicode>
            </TextEquiv>
        </TextRegion>
        <TextRegion id="r_6" custom="readingOrder {index:3;} structure {type:header;}">
            <Coords points="1514,511 118,511 118,449 1514,449"/>
            <TextLine id="l_2" custom="readingOrder {index:0;}">
                <Coords points="660,504 687,504 714,504 741,504 768,504 795,504 822,503 849,502 876,501 903,501 930,500 957,499 984,499 984,454 957,454 930,455 903,456 876,456 849,457 822,458 795,459 768,459 741,459 714,459 687,459 660,459"/>
                <Baseline points="660,489 687,489 714,489 741,489 768,489 795,489 822,488 849,487 876,486 903,486 930,485 957,484 984,484"/>
                <TextEquiv>
                    <Unicode>POR Y PARA MUJER</Unicode>
                </TextEquiv>
            </TextLine>
            <TextEquiv>
                <Unicode></Unicode>
            </TextEquiv>
        </TextRegion>
        <TextRegion id="r_7" custom="readingOrder {index:4;} structure {type:heading;}">
            <Coords points="1517,717 118,717 118,511 1517,511"/>
            <TextLine id="l_13" custom="readingOrder {index:0;}">
                <Coords points="371,687 416,688 461,688 507,689 552,688 598,688 643,688 689,687 734,686 780,685 825,684 870,683 916,682 961,681 1007,681 1052,680 1098,680 1143,680 1189,681 1234,682 1280,683 1280,635 1234,634 1189,633 1143,632 1098,632 1052,632 1007,633 961,633 916,634 870,635 825,636 780,637 734,638 689,639 643,640 598,640 552,640 507,641 461,640 416,640 371,639"/>
                <Baseline points="371,671 416,672 461,672 507,673 552,672 598,672 643,672 689,671 734,670 780,669 825,668 870,667 916,666 961,665 1007,665 1052,664 1098,664 1143,664 1189,665 1234,666 1280,667"/>
                <TextEquiv>
                    <Unicode>NUESTRAS HERMOSAS</Unicode>
                </TextEquiv>
            </TextLine>
            <TextEquiv>
                <Unicode></Unicode>
            </TextEquiv>
        </TextRegion>
        <ImageRegion id="r_1" custom="readingOrder {index:5;}">
            <Coords points="476,745 1163,745 1163,1786 476,1786"/>
        </ImageRegion>
        <TextRegion id="r_3" custom="readingOrder {index:6;} structure {type:caption;}">
            <Coords points="555,1798 1093,1798 1093,1844 555,1844"/>
            <TextLine id="l_1" custom="readingOrder {index:0;} person {offset:6; length:19;firstname:Felicidad; lastname:Villarica;}">
                <Coords points="586,1825 651,1832 728,1829 870,1822 961,1815 1014,1819 1078,1822 1079,1792 1016,1789 961,1785 868,1792 727,1799 652,1802 589,1795"/>
                <Baseline points="586,1825 651,1832 728,1829 870,1822 961,1815 1014,1819 1078,1822"/>
                <TextEquiv>
                    <Unicode>SRTA. FELICIDAD VILLARICA</Unicode>
                </TextEquiv>
            </TextLine>
            <TextEquiv>
                <Unicode></Unicode>
            </TextEquiv>
        </TextRegion>
        <TextRegion id="r_2" custom="readingOrder {index:7;} structure {type:paragraph;}">
            <Coords points="1547,1921 1552,2367 144,2337 137,1921"/>
            <TextLine id="l_4" custom="readingOrder {index:0;} person {offset:9; length:19;firstname:Felicidad; lastname:Villarica;}">
                <Coords points="222,1985 287,1985 352,1984 417,1984 483,1983 548,1983 613,1983 679,1982 744,1982 809,1982 875,1981 940,1981 1005,1981 1070,1980 1136,1980 1201,1980 1266,1979 1332,1979 1397,1979 1462,1979 1528,1979 1528,1946 1462,1946 1397,1946 1332,1946 1266,1946 1201,1947 1136,1947 1070,1947 1005,1948 940,1948 875,1948 809,1949 744,1949 679,1949 613,1950 548,1950 483,1950 417,1951 352,1951 287,1952 222,1952"/>
                <Baseline points="222,1974 287,1974 352,1973 417,1973 483,1972 548,1972 613,1972 679,1971 744,1971 809,1971 875,1970 940,1970 1005,1970 1070,1969 1136,1969 1201,1969 1266,1968 1332,1968 1397,1968 1462,1968 1528,1968"/>
                <TextEquiv>
                    <Unicode>La SrtA. FELICIDAD VILLARICA, es jóven bellísima, rica de in¬</Unicode>
                </TextEquiv>
            </TextLine>
            <TextLine id="l_5" custom="readingOrder {index:1;}">
                <Coords points="152,2031 220,2031 289,2030 358,2030 427,2030 496,2030 564,2029 633,2029 702,2029 771,2029 840,2029 908,2028 977,2028 1046,2028 1115,2027 1184,2027 1252,2026 1321,2026 1390,2025 1459,2025 1528,2024 1528,1991 1459,1992 1390,1992 1321,1993 1252,1993 1184,1994 1115,1994 1046,1995 977,1995 908,1995 840,1996 771,1996 702,1996 633,1996 564,1996 496,1997 427,1997 358,1997 289,1997 220,1998 152,1998"/>
                <Baseline points="152,2020 220,2020 289,2019 358,2019 427,2019 496,2019 564,2018 633,2018 702,2018 771,2018 840,2018 908,2017 977,2017 1046,2017 1115,2016 1184,2016 1252,2015 1321,2015 1390,2014 1459,2014 1528,2013"/>
                <TextEquiv>
                    <Unicode>teligencia, de virtudes y de encantos, de tal modo que su apellido sujes¬</Unicode>
                </TextEquiv>
            </TextLine>
            <TextLine id="l_6" custom="readingOrder {index:2;} place {offset:60; length:7;wikiData:Q54595;}">
                <Coords points="145,2076 217,2077 290,2077 362,2077 435,2077 507,2077 580,2077 653,2076 725,2076 798,2076 870,2075 943,2075 1015,2075 1088,2074 1161,2074 1233,2073 1306,2073 1378,2072 1451,2072 1524,2071 1524,2038 1451,2039 1378,2039 1306,2040 1233,2040 1161,2041 1088,2041 1015,2042 943,2042 870,2042 798,2043 725,2043 653,2043 580,2044 507,2044 435,2044 362,2044 290,2044 217,2044 145,2043"/>
                <Baseline points="145,2065 217,2066 290,2066 362,2066 435,2066 507,2066 580,2066 653,2065 725,2065 798,2065 870,2064 943,2064 1015,2064 1088,2063 1161,2063 1233,2062 1306,2062 1378,2061 1451,2061 1524,2060"/>
                <TextEquiv>
                    <Unicode>tivo queda en ella bastantemente justificado. Es natural de Marilaw, pro¬</Unicode>
                </TextEquiv>
            </TextLine>
            <TextLine id="l_7" custom="readingOrder {index:3;} place {offset:10; length:7;wikiData:Q13755;}">
                <Coords points="1532,2120 1465,2120 1396,2119 1327,2119 1258,2119 1190,2119 1121,2120 1052,2120 983,2121 914,2121 846,2122 777,2122 708,2123 639,2123 570,2123 502,2124 433,2123 364,2123 295,2122 226,2122 158,2121 158,2088 226,2089 295,2089 364,2090 433,2090 502,2091 570,2090 639,2090 708,2090 777,2089 846,2089 914,2088 983,2088 1052,2087 1121,2087 1190,2086 1258,2086 1327,2086 1396,2086 1465,2087 1532,2087"/>
                <Baseline points="158,2110 226,2111 295,2111 364,2112 433,2112 502,2113 570,2112 639,2112 708,2112 777,2111 846,2111 914,2110 983,2110 1052,2109 1121,2109 1190,2108 1258,2108 1327,2108 1396,2108 1465,2109 1532,2109"/>
                <TextEquiv>
                    <Unicode>vincia de Bulacan é hija de padres honradísimos y prestigiosos. En un</Unicode>
                </TextEquiv>
            </TextLine>
            <TextLine id="l_8" custom="readingOrder {index:4;}">
                <Coords points="1532,2165 1464,2165 1395,2166 1326,2166 1257,2166 1187,2166 1118,2167 1049,2167 980,2168 910,2168 841,2169 772,2169 703,2169 633,2169 564,2169 495,2170 426,2169 356,2169 287,2169 218,2168 149,2167 149,2134 218,2135 287,2136 356,2136 426,2136 495,2137 564,2136 633,2136 703,2136 772,2136 841,2136 910,2135 980,2135 1049,2134 1118,2134 1187,2133 1257,2133 1326,2133 1395,2133 1464,2132 1532,2132"/>
                <Baseline points="149,2156 218,2157 287,2158 356,2158 426,2158 495,2159 564,2158 633,2158 703,2158 772,2158 841,2158 910,2157 980,2157 1049,2156 1118,2156 1187,2155 1257,2155 1326,2155 1395,2155 1464,2154 1532,2154"/>
                <TextEquiv>
                    <Unicode>festival celebrado en su provincia natal, fué elegida por un gran número de vo¬</Unicode>
                </TextEquiv>
            </TextLine>
            <TextLine id="l_9" custom="readingOrder {index:5;}">
                <Coords points="1532,2214 1472,2213 1403,2213 1333,2213 1264,2213 1194,2213 1125,2213 1055,2214 986,2214 916,2214 847,2215 778,2215 708,2215 639,2216 569,2216 500,2216 430,2215 361,2215 291,2214 222,2213 153,2212 153,2179 222,2180 291,2181 361,2182 430,2182 500,2183 569,2183 639,2183 708,2182 778,2182 847,2182 916,2181 986,2181 1055,2181 1125,2180 1194,2180 1264,2180 1333,2180 1403,2180 1472,2180 1532,2181"/>
                <Baseline points="153,2201 222,2202 291,2203 361,2204 430,2204 500,2205 569,2205 639,2205 708,2204 778,2204 847,2204 916,2203 986,2203 1055,2203 1125,2202 1194,2202 1264,2202 1333,2202 1403,2202 1472,2202 1532,2203"/>
                <TextEquiv>
                    <Unicode>tos como REINA DE LA HERMOSURA, cualidad que si es inapreciable, lo es</Unicode>
                </TextEquiv>
            </TextLine>
            <TextLine id="l_10" custom="readingOrder {index:6;}">
                <Coords points="1532,2264 1472,2263 1403,2262 1333,2262 1264,2261 1195,2261 1125,2261 1056,2261 986,2261 917,2261 848,2261 778,2261 709,2261 639,2262 570,2262 501,2262 431,2262 362,2261 292,2261 223,2260 154,2260 154,2227 223,2227 292,2228 362,2228 431,2229 501,2229 570,2229 639,2229 709,2228 778,2228 848,2228 917,2228 986,2228 1056,2228 1125,2228 1195,2228 1264,2228 1333,2229 1403,2229 1472,2230 1532,2231"/>
                <Baseline points="154,2249 223,2249 292,2250 362,2250 431,2251 501,2251 570,2251 639,2251 709,2250 778,2250 848,2250 917,2250 986,2250 1056,2250 1125,2250 1195,2250 1264,2250 1333,2251 1403,2251 1472,2252 1532,2253"/>
                <TextEquiv>
                    <Unicode>más todavía otra de inmenso valor y excelencia que la hacen dignísima</Unicode>
                </TextEquiv>
            </TextLine>
            <TextLine id="l_11" custom="readingOrder {index:7;}">
                <Coords points="1532,2314 1472,2314 1402,2313 1332,2312 1263,2312 1193,2311 1123,2311 1054,2311 984,2311 914,2310 845,2310 775,2310 705,2310 635,2310 566,2310 496,2309 426,2309 357,2309 287,2308 217,2308 148,2307 148,2273 217,2274 287,2274 357,2275 426,2275 496,2275 566,2276 635,2276 705,2276 775,2276 845,2276 914,2276 984,2277 1054,2277 1123,2277 1193,2277 1263,2278 1332,2278 1402,2279 1472,2280 1532,2280"/>
                <Baseline points="148,2296 217,2297 287,2297 357,2298 426,2298 496,2298 566,2299 635,2299 705,2299 775,2299 845,2299 914,2299 984,2300 1054,2300 1123,2300 1193,2300 1263,2301 1332,2301 1402,2302 1472,2303 1532,2303"/>
                <TextEquiv>
                    <Unicode>soberana de todos los corazones: la hermosura y la grandiosidad de su alma.</Unicode>
                </TextEquiv>
            </TextLine>
            <TextEquiv>
                <Unicode></Unicode>
            </TextEquiv>
        </TextRegion>
    </Page>
</PcGts>
