<?xml version="1.0" encoding="UTF-8" standalone="yes"?>
<PcGts xmlns="http://schema.primaresearch.org/PAGE/gts/pagecontent/2013-07-15" xmlns:xsi="http://www.w3.org/2001/XMLSchema-instance" xsi:schemaLocation="http://schema.primaresearch.org/PAGE/gts/pagecontent/2013-07-15 http://schema.primaresearch.org/PAGE/gts/pagecontent/2013-07-15/pagecontent.xsd">
    <Metadata>
        <Creator>prov=University of Rostock/Institute of Mathematics/CITlab|PLANET AI GmbH/Gundram Leifert/gundram.leifert@planet-ai.de:name=Philippine newspapers(htr_id=33524)::::v=2.6.7
prov=University of Rostock/Institute of Mathematics/CITlab|PLANET AI GmbH/Tobias Gruening/tobias.gruening@planet-ai.de:name=de.uros.citlab.module.baseline2polygon.B2PSeamMultiOriented:v=2.6.7
prov=University of Rostock/Institute of Mathematics/CITlab|PLANET AI GmbH/Tobias Gruening/tobias.gruening@planet-ai.de:name=/net_tf/LA73_249_0mod360.pb:de.uros.citlab.segmentation.CITlab_LA_ML:v=2.6.7
prov=University of Rostock/Institute of Mathematics/CITlab|PLANET AI GmbH/Tobias Gruening/tobias.gruening@planet-ai.de:name=/net_tf/LA73_249_0mod360.pb:de.uros.citlab.segmentation.CITlab_LA_ML:v=2.6.7
prov=University of Rostock/Institute of Mathematics/CITlab/Tobias Gruening/tobias.gruening@uni-rostock.de:name=/net_tf/LA73_249_0mod360.pb:de.uros.citlab.segmentation.CITlab_LA_ML:v=2.3.0
</Creator>
        <Created>2019-04-19T16:15:22.787+02:00</Created>
        <LastChange>2025-10-21T00:18:24.994+02:00</LastChange>
        <Comments>
                Measurement unit: pixel
                PrimaryLanguage: English
                Language: SpanishTraditionalSort
                Producer: ABBYY FineReader Engine 11</Comments>
        <TranskribusMetadata docId="141751" pageId="5257963" pageNr="6" tsid="258456414" status="GT" userId="30120" imgUrl="https://files.transkribus.eu/Get?fileType=view&amp;id=LANWCGGGTBTYIQYYWBSXUTNP" xmlUrl="https://files.transkribus.eu/Get?id=KIQEBJXFIZFBFURTWCNFZYJU" imageId="3075288"/>
    </Metadata>
    <Page imageFilename="0006_image00306.jpg" imageWidth="1812" imageHeight="2729">
        <PrintSpace>
            <Coords points="0,0 1730,0 1730,2661 0,2661"/>
        </PrintSpace>
        <ReadingOrder>
            <OrderedGroup id="ro_1781166432854" caption="Regions reading order">
                <RegionRefIndexed index="0" regionRef="r_3"/>
                <RegionRefIndexed index="1" regionRef="r_2"/>
                <RegionRefIndexed index="3" regionRef="r_1"/>
                <RegionRefIndexed index="4" regionRef="r_5"/>
            </OrderedGroup>
        </ReadingOrder>
        <Relations>
            <Relation type="link" custom="relationName {value:Article;}">
                <RegionRef regionRef="r"/>
                <RegionRef regionRef="l_2"/>
            </Relation>
        </Relations>
        <TextRegion id="r_3" custom="readingOrder {index:0;} structure {type:page-number;}">
            <Coords points="423,407 279,407 279,343 423,343"/>
            <TextLine id="l_15" custom="readingOrder {index:0;}">
                <Coords points="326,334 327,347 314,369 364,369 363,383 326,384"/>
                <Baseline points="326,379 359,379 359,369"/>
                <TextEquiv>
                    <Unicode>12</Unicode>
                </TextEquiv>
            </TextLine>
            <TextEquiv>
                <Unicode></Unicode>
            </TextEquiv>
        </TextRegion>
        <TextRegion id="r_2" custom="readingOrder {index:1;} structure {type:header;}">
            <Coords points="423,343 1728,343 1728,407 423,407"/>
            <TextLine id="l_16" custom="readingOrder {index:0;}">
                <Coords points="751,379 776,380 801,380 827,380 852,380 878,380 903,380 928,380 954,379 979,379 1005,379 1030,379 1055,378 1081,378 1106,378 1132,378 1157,377 1183,377 1183,341 1157,341 1132,342 1106,342 1081,342 1055,342 1030,343 1005,343 979,343 954,343 928,344 903,344 878,344 852,344 827,344 801,344 776,344 751,343"/>
                <Baseline points="751,367 776,368 801,368 827,368 852,368 878,368 903,368 928,368 954,367 979,367 1005,367 1030,367 1055,366 1081,366 1106,366 1132,366 1157,365 1183,365"/>
                <TextEquiv>
                    <Unicode>PARA LA HISTORIA</Unicode>
                </TextEquiv>
            </TextLine>
            <TextEquiv>
                <Unicode></Unicode>
            </TextEquiv>
        </TextRegion>
        <ImageRegion id="r" custom="readingOrder {index:2;}">
            <Coords points="480,412 1494,412 1494,1890 480,1890"/>
        </ImageRegion>
        <TextRegion id="r_1" custom="readingOrder {index:3;} structure {type:credit;}">
            <Coords points="279,1960 279,1882 1728,1882 1728,1960"/>
            <TextLine id="l_2" custom="readingOrder {index:0;} person {offset:0; length:27;wikiData:Q1965049;}">
                <Coords points="693,1940 722,1941 752,1941 781,1941 811,1941 841,1942 870,1942 900,1942 930,1943 959,1943 989,1944 1019,1944 1048,1945 1078,1945 1108,1946 1137,1946 1167,1947 1197,1948 1226,1948 1256,1949 1286,1950 1286,1914 1256,1913 1226,1912 1197,1912 1167,1911 1137,1910 1108,1910 1078,1909 1048,1909 1019,1908 989,1908 959,1907 930,1907 900,1906 870,1906 841,1906 811,1905 781,1905 752,1905 722,1905 693,1904"/>
                <Baseline points="693,1928 722,1929 752,1929 781,1929 811,1929 841,1930 870,1930 900,1930 930,1931 959,1931 989,1932 1019,1932 1048,1933 1078,1933 1108,1934 1137,1934 1167,1935 1197,1936 1226,1936 1256,1937 1286,1938"/>
                <TextEquiv>
                    <Unicode>JOSEPHINE LEOPOLDINE TAUFER</Unicode>
                </TextEquiv>
            </TextLine>
            <TextEquiv>
                <Unicode></Unicode>
            </TextEquiv>
        </TextRegion>
        <TextRegion id="r_5" custom="readingOrder {index:4;} structure {type:paragraph;}">
            <Coords points="1728,1960 1728,2439 330,2377 279,1960"/>
            <TextLine id="l_3" custom="readingOrder {index:0;} person {offset:51; length:10;wikiData:Q1500;}">
                <Coords points="367,1997 432,1996 497,1996 562,1997 628,1997 693,1998 758,1999 823,2000 889,2001 954,2003 1019,2004 1084,2005 1150,2006 1215,2007 1280,2007 1345,2008 1411,2008 1476,2007 1541,2006 1606,2005 1672,2003 1672,1973 1606,1975 1541,1976 1476,1977 1411,1978 1345,1978 1280,1977 1215,1977 1150,1976 1084,1975 1019,1974 954,1973 889,1971 823,1970 758,1969 693,1968 628,1967 562,1967 497,1966 432,1966 367,1967"/>
                <Baseline points="367,1987 432,1986 497,1986 562,1987 628,1987 693,1988 758,1989 823,1990 889,1991 954,1993 1019,1994 1084,1995 1150,1996 1215,1997 1280,1997 1345,1998 1411,1998 1476,1997 1541,1996 1606,1995 1672,1993"/>
                <TextEquiv>
                    <Unicode>Retrato esculpido sobre madera durísima por el Dr. José Rizal, cuando este se encon¬</Unicode>
                </TextEquiv>
            </TextLine>
            <TextLine id="l_4" custom="readingOrder {index:1;} place {offset:9; length:7;wikiData:Q1014775;}">
                <Coords points="314,2027 339,2028 365,2028 390,2029 416,2030 442,2031 467,2031 493,2032 518,2032 544,2032 570,2031 570,2001 544,2002 518,2002 493,2002 467,2001 442,2001 416,2000 390,1999 365,1998 339,1998 314,1997"/>
                <Baseline points="314,2017 339,2018 365,2018 390,2019 416,2020 442,2021 467,2021 493,2022 518,2022 544,2022 570,2021"/>
                <TextEquiv>
                    <Unicode>traba en Dapitan.</Unicode>
                </TextEquiv>
            </TextLine>
            <TextLine id="l_5" custom="readingOrder {index:2;} person {offset:21; length:9;wikiData:Q1965049;} person {offset:34; length:9;wikiData:Q1500;}">
                <Coords points="371,2062 421,2063 471,2063 522,2064 572,2064 623,2065 673,2065 724,2066 774,2066 825,2067 875,2067 925,2068 976,2068 1026,2069 1077,2070 1127,2070 1178,2071 1228,2072 1279,2073 1329,2074 1380,2075 1380,2045 1329,2044 1279,2043 1228,2042 1178,2041 1127,2040 1077,2040 1026,2039 976,2038 925,2038 875,2037 825,2037 774,2036 724,2036 673,2035 623,2035 572,2034 522,2034 471,2033 421,2033 371,2032"/>
                <Baseline points="371,2052 421,2053 471,2053 522,2054 572,2054 623,2055 673,2055 724,2056 774,2056 825,2057 875,2057 925,2058 976,2058 1026,2059 1077,2060 1127,2060 1178,2061 1228,2062 1279,2063 1329,2064 1380,2065"/>
                <TextEquiv>
                    <Unicode>Hablando de la jóven Josephina el Dr. Rizal escribe lo siguiente:</Unicode>
                </TextEquiv>
            </TextLine>
            <TextLine id="l_6" custom="readingOrder {index:3;} place {offset:1; length:7;wikiData:Q1014775;}">
                <Coords points="1129,2113 1154,2114 1180,2116 1205,2117 1231,2118 1256,2118 1282,2119 1307,2119 1333,2120 1358,2120 1384,2120 1409,2120 1435,2119 1460,2119 1486,2119 1511,2118 1537,2118 1562,2117 1588,2117 1614,2116 1614,2086 1588,2087 1562,2087 1537,2088 1511,2088 1486,2089 1460,2089 1435,2089 1409,2090 1384,2090 1358,2090 1333,2090 1307,2089 1282,2089 1256,2088 1231,2088 1205,2087 1180,2086 1154,2084 1129,2083"/>
                <Baseline points="1129,2103 1154,2104 1180,2106 1205,2107 1231,2108 1256,2108 1282,2109 1307,2109 1333,2110 1358,2110 1384,2110 1409,2110 1435,2109 1460,2109 1486,2109 1511,2108 1537,2108 1562,2107 1588,2107 1614,2106"/>
                <TextEquiv>
                    <Unicode>“Dapitan, 15 de Enero de 1596.</Unicode>
                </TextEquiv>
            </TextLine>
            <TextLine id="l_7" custom="readingOrder {index:4;}">
                <Coords points="379,2138 443,2140 508,2142 573,2143 638,2144 703,2145 767,2147 832,2148 897,2149 962,2150 1027,2150 1091,2151 1156,2151 1221,2152 1286,2152 1351,2152 1415,2152 1480,2152 1545,2152 1610,2151 1675,2151 1675,2121 1610,2121 1545,2122 1480,2122 1415,2122 1351,2122 1286,2122 1221,2122 1156,2121 1091,2121 1027,2120 962,2120 897,2119 832,2118 767,2117 703,2115 638,2114 573,2113 508,2112 443,2110 379,2108"/>
                <Baseline points="379,2128 443,2130 508,2132 573,2133 638,2134 703,2135 767,2137 832,2138 897,2139 962,2140 1027,2140 1091,2141 1156,2141 1221,2142 1286,2142 1351,2142 1415,2142 1480,2142 1545,2142 1610,2141 1675,2141"/>
                <TextEquiv>
                    <Unicode>“Mi muy querida madre: Recibirán ustedes un poco de pescado salado que ha sa¬</Unicode>
                </TextEquiv>
            </TextLine>
            <TextLine id="l_8" custom="readingOrder {index:5;}">
                <Coords points="323,2173 391,2174 459,2175 527,2176 595,2177 663,2178 731,2179 799,2180 867,2181 935,2182 1003,2183 1071,2184 1139,2184 1207,2185 1275,2185 1343,2185 1411,2185 1479,2185 1547,2184 1615,2184 1684,2183 1684,2153 1615,2154 1547,2154 1479,2155 1411,2155 1343,2155 1275,2155 1207,2155 1139,2154 1071,2154 1003,2153 935,2152 867,2151 799,2150 731,2149 663,2148 595,2147 527,2146 459,2145 391,2144 323,2143"/>
                <Baseline points="323,2163 391,2164 459,2165 527,2166 595,2167 663,2168 731,2169 799,2170 867,2171 935,2172 1003,2173 1071,2174 1139,2174 1207,2175 1275,2175 1343,2175 1411,2175 1479,2175 1547,2174 1615,2174 1684,2173"/>
                <TextEquiv>
                    <Unicode>"lado la persona que vive en mi casa. Ella es buena, obediente y sumisa. No tenemos</Unicode>
                </TextEquiv>
            </TextLine>
            <TextLine id="l_9" custom="readingOrder {index:6;}">
                <Coords points="331,2206 398,2207 465,2208 532,2209 600,2210 667,2212 734,2213 801,2214 869,2215 936,2216 1003,2216 1070,2217 1138,2218 1205,2218 1272,2218 1339,2218 1407,2218 1474,2217 1541,2216 1608,2215 1676,2213 1676,2183 1608,2185 1541,2186 1474,2187 1407,2188 1339,2188 1272,2188 1205,2188 1138,2188 1070,2187 1003,2186 936,2186 869,2185 801,2184 734,2183 667,2182 600,2180 532,2179 465,2178 398,2177 331,2176"/>
                <Baseline points="331,2196 398,2197 465,2198 532,2199 600,2200 667,2202 734,2203 801,2204 869,2205 936,2206 1003,2206 1070,2207 1138,2208 1205,2208 1272,2208 1339,2208 1407,2208 1474,2207 1541,2206 1608,2205 1676,2203"/>
                <TextEquiv>
                    <Unicode>más sino que no estamos casados, pero como usted misma dice: MAS VALE Á... EN</Unicode>
                </TextEquiv>
            </TextLine>
            <TextLine id="l_10" custom="readingOrder {index:7;}">
                <Coords points="331,2236 398,2237 465,2238 532,2240 599,2241 666,2242 733,2243 801,2244 868,2246 935,2247 1002,2248 1069,2249 1136,2250 1203,2250 1271,2251 1338,2251 1405,2252 1472,2252 1539,2252 1606,2251 1674,2251 1674,2221 1606,2221 1539,2222 1472,2222 1405,2222 1338,2221 1271,2221 1203,2220 1136,2220 1069,2219 1002,2218 935,2217 868,2216 801,2214 733,2213 666,2212 599,2211 532,2210 465,2208 398,2207 331,2206"/>
                <Baseline points="331,2226 398,2227 465,2228 532,2230 599,2231 666,2232 733,2233 801,2234 868,2236 935,2237 1002,2238 1069,2239 1136,2240 1203,2240 1271,2241 1338,2241 1405,2242 1472,2242 1539,2242 1606,2241 1674,2241"/>
                <TextEquiv>
                    <Unicode>GRACIA DE DIOS QUE CASADO EN PECADO MORTAL. Hasta ahora no hemos reñido, y</Unicode>
                </TextEquiv>
            </TextLine>
            <TextLine id="l_11" custom="readingOrder {index:8;}">
                <Coords points="331,2272 398,2274 465,2275 533,2276 600,2277 668,2278 735,2279 803,2281 870,2282 938,2282 1005,2283 1072,2284 1140,2284 1207,2285 1275,2285 1342,2285 1410,2285 1477,2285 1545,2284 1612,2284 1680,2283 1680,2253 1612,2254 1545,2254 1477,2255 1410,2255 1342,2255 1275,2255 1207,2255 1140,2254 1072,2254 1005,2253 938,2252 870,2252 803,2251 735,2249 668,2248 600,2247 533,2246 465,2245 398,2244 331,2242"/>
                <Baseline points="331,2262 398,2264 465,2265 533,2266 600,2267 668,2268 735,2269 803,2271 870,2272 938,2272 1005,2273 1072,2274 1140,2274 1207,2275 1275,2275 1342,2275 1410,2275 1477,2275 1545,2274 1612,2274 1680,2273"/>
                <TextEquiv>
                    <Unicode>“cuando le hago "pangaral” no contesta. Si V. viene y la trata, espero que se llevará bien</Unicode>
                </TextEquiv>
            </TextLine>
            <TextLine id="l_12" custom="readingOrder {index:9;}">
                <Coords points="322,2307 376,2309 431,2311 486,2312 540,2313 595,2314 650,2315 704,2316 759,2316 814,2317 868,2317 923,2317 978,2317 1032,2318 1087,2318 1142,2318 1196,2318 1251,2319 1306,2319 1361,2320 1361,2290 1306,2289 1251,2289 1196,2288 1142,2288 1087,2288 1032,2288 978,2287 923,2287 868,2287 814,2287 759,2286 704,2286 650,2285 595,2284 540,2283 486,2282 431,2281 376,2279 322,2277"/>
                <Baseline points="322,2297 376,2299 431,2301 486,2302 540,2303 595,2304 650,2305 704,2306 759,2306 814,2307 868,2307 923,2307 978,2307 1032,2308 1087,2308 1142,2308 1196,2308 1251,2309 1306,2309 1361,2310"/>
                <TextEquiv>
                    <Unicode>“con ella. Además, no tiene à nadie en el mundo más que á mí.</Unicode>
                </TextEquiv>
            </TextLine>
            <TextLine id="l_13" custom="readingOrder {index:10;}">
                <Coords points="1076,2351 1101,2352 1126,2352 1151,2352 1176,2352 1201,2353 1226,2353 1251,2353 1276,2353 1301,2353 1326,2353 1351,2353 1376,2353 1401,2353 1426,2353 1451,2353 1476,2354 1502,2354 1502,2324 1476,2324 1451,2323 1426,2323 1401,2323 1376,2323 1351,2323 1326,2323 1301,2323 1276,2323 1251,2323 1226,2323 1201,2323 1176,2322 1151,2322 1126,2322 1101,2322 1076,2321"/>
                <Baseline points="1076,2341 1101,2342 1126,2342 1151,2342 1176,2342 1201,2343 1226,2343 1251,2343 1276,2343 1301,2343 1326,2343 1351,2343 1376,2343 1401,2343 1426,2343 1451,2343 1476,2344 1502,2344"/>
                <TextEquiv>
                    <Unicode>"Su afmo. hijo que le quiere,</Unicode>
                </TextEquiv>
            </TextLine>
            <TextLine id="l_14" custom="readingOrder {index:11;} person {offset:0; length:10;wikiData:Q1500;}">
                <Coords points="1188,2387 1214,2388 1240,2388 1266,2387 1293,2387 1319,2387 1345,2389 1372,2391 1372,2361 1345,2359 1319,2357 1293,2357 1266,2357 1240,2358 1214,2358 1188,2357"/>
                <Baseline points="1188,2377 1214,2378 1240,2378 1266,2377 1293,2377 1319,2377 1345,2379 1372,2381"/>
                <TextEquiv>
                    <Unicode>JOSE RIZAL.”</Unicode>
                </TextEquiv>
            </TextLine>
            <TextEquiv>
                <Unicode></Unicode>
            </TextEquiv>
        </TextRegion>
    </Page>
</PcGts>
