1780 2729
283 170 1393 376 FILIPINAS
103 400 1575 435 SEMANARIO ILUSTRADO DE CIENCIAS, LITERATURA, BELLAS ARTES, MEDICINAS
219 442 1464 476 CASERAS, HIGIENE Y CONOCIMIENTOS ÚTILES EN LA VIDA PRÁCTICA.
421 477 1209 514 —Dedicado exclusivamente a la mujer
104 524 1580 556 La mujer sabia edifica de la nada su casa; mas la mujer insensata lejos de¬
283 563 1413 597 edificar una casa que no existe, destruve con sus manos la
546 603 1142 638 que existe ya. (Prov. XVIII.)
437 646 1211 680 SALE Á LUZ LOS DÍAS S, 15, 22 Y FIN DE CADA MES.
469 728 1238 761 Manila, I. F. Viérnes, 22 de Abril de 1909.
1371 729 1540 762 Núm. 3.
168 729 290 765 Año I.
292 800 637 845 "FILIPINAS"
236 847 684 879 REDACCION y ADMINISTRACIÓN:
129 877 776 911 Calle de Misericordia Núm. 123, Santa Cruz,
109 910 547 944 Directora: Constancia Poblete
103 944 676 977 Administradora: Francisca Gesmundo.
290 978 649 1012 TELEFONO NO. 934.
203 1094 723 1127 Andrés Bonifacio
263 1161 664 1193 Y LA MUJER FILIPINA
121 1260 834 1293 El día 25 de este més nuestros compatrio¬
103 1293 834 1326 tas celebrarán una gran fiesta en honor de
115 1324 834 1357 uno de nuestros más grandes y preclaros hé¬
103 1359 471 1390 roes: Andrés Bonifacio.
142 1385 834 1424 El pueblo filpino demostrará en ese día in¬
107 1424 834 1459 decible regocijo por el amor intenso que siente
108 1458 834 1491 hácia aquél que ha tenido un corazón que ha
109 1490 834 1522 sabido dispertar las energías latentes, las virtu¬
112 1521 834 1554 des adormecidas de una raza antes envilecida,
112 1555 513 1591 hoy fuerte y vigorosa.
149 1581 834 1621 Y ante este hecho, la mujer filipina que siem¬
103 1621 834 1656 pre se ha distinguido por su amor al bien,
103 1654 834 1688 por su idolatría á la Pátria, no puede perma¬
116 1687 834 1718 necer indiferente cuando se, trata de honrar al
112 1718 834 1752 más preclaro hijo de Filipinas, al héroe que con
112 1747 834 1784 su valor cívico ha sabido arrancar á su pueblo
112 1784 758 1818 de la esclavitud en que ha estado sumido.
141 1817 834 1854 El culto á los héroes dignifica á un pueblo.
111 1850 834 1885 Filipinas: asociémonos al rerocijo que nuestros
109 1883 834 1917 compatriotas sienten al honrar la memoria de
110 1914 834 1949 aquél que dió nueva y más potente vida á nues¬
109 1944 834 1981 tro pueblo. Sin él, estaríamos todos aún su¬
111 1978 802 2013 midos en las lobregueces de una noche eterna.
113 2012 834 2050 No podemos llevarle ofrendas, reralos externos,
109 2045 834 2080 que sean dignos de él, pere podemos y debemos
103 2079 834 2112 regalarle una joya de más estima que el oro y
106 2111 472 2151 el incienso de Arabia:
126 2141 448 2175 ES NUESTRO CORAZÓN.
355 2211 784 2250 FABRICA DE BISCOCHOS
149 2241 834 2288 LA PERLA Y DULCES ...
114 2338 802 2389 Plaza de Santa, Cruz Núms, 96 y 98.
951 900 1493 933 ¡DESPRECIADLOS!..
859 1029 1579 1060 Artículo dedicado á las alumnas estudiosas de las escuelas:
879 1064 1543 1096 públicas, á las dignisimas pupilas del "Dormitory
909 1098 1519 1130 School", á las sufridas maestras de instrucción
971 1134 1437 1166 pública, á las mujeres filipinas todas.
855 1178 1567 1212 Bajo la impresión del más acerbo disgusto escribo
834 1208 1576 1245 la presente. ¡Cómo! ¿mis compatriotas, los jóvenes que
855 1236 1567 1269 se dedican al sublime sacerdocio del periodismo, en
834 1262 1571 1296 quienes teníamos las mujeres puesta la confianza, como
834 1292 1572 1324 esforzados adalides de nuestro buen nombre y pres¬
834 1320 1566 1354 tigios ante el mundo, los que precisamente, nos vile¬
861 1349 1562 1381 pendian, sin fundado motivo, ante los ojos de la pú¬
834 1375 1031 1415 blica opinión?
888 1404 1562 1437 Me enorgullecía de que los jóvenes de mi país son
834 1429 1564 1465 dechados de cultura y de caballerosidad, más he aquí
834 1458 1568 1492 que cuando menos pensaba salta un.... Silvano de¬
834 1488 1564 1520 rrumbando inopinadamente tan halagueñas ilusiones.
834 1516 1570 1551 ¡Cuán cierto es que entre frondosas y útiles plantas
859 1544 1563 1577 que producen odoriferas flores y frutos deliciosos po¬
834 1572 1564 1611 dían esconderse serpientes venenosas que causan
860 1601 1566 1633 muerte dolorosa, ó al menos gusano samuisang,
834 1626 1559 1662 cuyo menor contacto ocasiona un picor molestísimo.
834 1656 1563 1689 Motiva estas líneas un hecho triste. Un caballero
834 1685 1570 1717 respetable acaba de leerme un artículo con el epígrafe
834 1713 1563 1748 de Modernismo Girls Filipinas, publicado por un tal
834 1741 1564 1777 Silvano en el número de la revista ¡Bangon!,. corres¬
859 1768 1566 1802 pondiente al 31 de Marzo último, en el que se ridi¬
855 1797 1563 1831 culiza sin piedad, se burla sangrientamente, se calumnia
834 1822 1560 1859 por maner incalificable á las jóvenes del Dormitory
834 1852 1568 1886 School, de las teachers y de las pupils de las Public
834 1882 1565 1915 Schools, pintando con colores tan risibles, tan antipá¬
834 1911 1565 1944 ticos y tan feos las costumbres y manera de ser de
834 1939 1572 1974 las mismas, que, de creer al articulista, las tales jó¬
857 1965 1566 2000 venes son la deshoura, el sambenito odioso de la raza
855 1994 1567 2029 filipina. En mi cualidad de mujer y de teacher protesto
834 2018 1571 2058 enérgicamente contra tan vil calumnia, contra ese libelo
834 2049 1570 2086 infamatorio á las mujeres de este desventurado país
834 2080 1571 2114 y apelo al buen juicio, al recto criterio de todos
857 2108 1566 2143 cuantos conocen verdaderamente á las alumnas de las
858 2136 1580 2174 escuelas sostenidas por el Gobierno y á las maestras.
852 2166 970 2199 filipinas.
888 2194 1580 2230 Y no se diga que el objeto que llevaba Silvano al
862 2222 1581 2260 escribir el articulo en cuestión y á la revista ¡Bangon!...
834 2257 1583 2292 al publicarlo en sus columnas, era la sana intención
855 2280 1580 2319 de correjir defectos nocivos, no; puesto que la forma
856 2312 1579 2348 y el fondo del mencionado artículo, léjos de ser
852 2337 1579 2379 una saludable enseñanza, constituyen una, ofensa
854 2369 1588 2408 grave á las estudiósas alumnas filipinas de las escuelas
860 2398 1582 2439 publicas, á las muy; honradas pupilas, del Dormitory:
