1802 2718
313 196 355 226 70
869 170 1081 208 "FILIPINAS"
243 252 980 299 School, á las dignísimas maestras de instrucción
250 280 958 326 pública y á todas las mujeres nacidas en este hermoso
240 323 304 356 país.
271 335 952 379 No sostengo que todas, absolutamente todas las
245 363 945 409 alumnas de las escuelas públicas, todas las pupilas del
249 391 945 434 Dormitory y todas las maestras son perfectas, inta¬
238 419 953 461 chables: al fin humanos son; pero no es justo tampoco
240 447 949 488 que por faltas cometidas por algunas, tal vez incons¬
234 477 951 514 cientemente, sean puestas en la picota del ridículo y
242 505 947 542 condenadas al vilipendio á millares de jóvenes que,
242 531 953 570 impulsadas por el afán de instruirse frecuentan las es¬
237 563 980 599 cuelas del Gobierno; á numerosas pupilas del Dormitory,
234 590 980 626 que, deseando enriquecer más y más la inteligencia con
243 619 951 653 las preciadas galas del saber humaro, dejan su propio
235 647 950 680 y trauquilo hogar y abandonan sus amantísimos padres
243 671 980 707 para venir desde provincias á estudiar en Manila alo¬
242 702 980 734 jándose en tan acreditado establecimiento, y a centenares
241 732 980 763 de maestras que consagra sus energías, sus actividades
237 759 980 793 y su saber en el cultivo de las inteligencias de las
240 787 980 824 que mañana serán esposas, madres y ciudadanas que
234 815 956 849 influirán poderosamente en los destinos de nuestra
233 843 460 876 idolatrada Patria.
266 870 980 904 Y, ¡válgame Dios! ¡se nos ha salido un crítico in¬
240 898 980 932 signe, como que se oculta bajo el pseudóuimo de
238 927 980 962 Silvano (ó silvante) que mancha y envilece las virtu¬
240 957 843 990 des más puras, las acciones más inocentes!..
262 982 958 1018 ¡Ah, y no le parece bueno el conspicuo “Sil¬
235 1012 961 1047 vano" que las filipinas se asimilen á las costum¬
233 1040 959 1074 bres y manera de ser buenas de las mujeres de
235 1067 980 1102 otras latitudes, sin más razón que por ser aquí ex¬
237 1096 980 1130 trañas ó exóticas aquellas, y sin embargo no se le
233 1125 980 1160 ocurre una palabra de censura á casi todos los filipi¬
233 1154 980 1191 nos que imitan todo cuanto ven á los curopeos, á los
237 1182 953 1218 americanos y hasta á los chinos, tanto en la indu¬
234 1210 953 1246 mentaria, como en sus costumbres y hasta sus
241 1237 948 1274 vicios; de lo que se deduce que el señor de "Silvano"
237 1264 959 1304 cree que todo lo que es bueno para el varon no
246 1294 980 1329 lo es para la mujer, sistema de embudo que será
239 1322 980 1358 muy cómodo; pero no es nada equitativo, además de
245 1350 980 1389 ser un boxerismo puro que en el cosmopolitismo de
241 1379 980 1420 los pueblos civilizados no puede ni debe prosperar.
253 1404 953 1444 'Y le voy á citar al Sr. “Silvano" un ejemplo: las japon
242 1432 980 1470 nesas más linajudas, comenzando por su emperatriz han
250 1463 960 1502 adoptado el traje de las europeas, y el imperio del Sol
241 1492 962 1529 Naciente usa como lenguaje oficial el inglés, más no
242 1521 956 1557 por eso se hunde la tan celebrada nación, ni se pierde
241 1546 980 1584 un átomo de la dignidad japonesa. A las modas, que
243 1576 980 1615 reinventan diariamente las francesas, se sujetan volun¬
243 1604 958 1643 tariamente las mujeres de otras naciones europeas.
247 1633 980 1673 rincluso las americanas, y sin embargo, no se tiene
245 1659 958 1701 noticia de haber aparecido jamás hombre alguno que
255 1690 956 1729 haya dicho algo que se parezca á los dislates del
251 1718 980 1766 máguinoo "Silvano.” ¡Si será raro este silvado, digo
245 1746 437 1780 este hombre!
283 1775 964 1816 Y ya que de crítico mordaz quiere actuar, por qué.
253 1802 969 1843 Sr. Silvano, no dirije V. sus acerbas censuras á
254 1829 980 1867 sus congéneres que dilapidan salud, tiempo y dinero
258 1858 980 1896 en los salones de bailes de pago y otros lugares
255 1888 869 1928 infecciosos que tanto abundan en esa capital?
291 1918 960 1959 Queridísimas hermanas mías del magisterio, amigas
249 1947 980 1987 carísimas del Dormitory, niñas encantadoras de las
257 1976 980 2018 rescuelas públicas, cuando tengais la desgracia de
255 2005 980 2049 cencontrar á vuestro paso con hombres del cacúmen
257 2033 961 2074 del Sr. Silvado, ó con revistas tan agradables, como
261 2060 980 2099 Bangon, volved vuestra mirada á ,otra ,parte, para
263 2094 967 2132 libraros de la náusea que tales entes producen, arro¬
264 2121 980 2159 jadles el desprecio más soberano y proseguid vues¬
256 2149 420 2185 tro camino.
649 2183 914 2220 JUSTINA ILIWANAG,
723 2217 844 2251 Teacher.
279 2251 867 2291 Pangasinan, Laguna, 20 de Abril de 1903.
287 2314 980 2350 Madres. ¿quereis criar á vuestros, hijos sanos y
261 2344 968 2379 robustos para que en el día de mañana sean dignos
261 2369 980 2407 apoyos de la Patria querida? Alimentadlos con los
263 2398 786 2436 afamados bizcochos de LA FORTUNA
1098 313 1620 344 PAGINA LITERARIA
1181 426 1526 458 LA HUERFANA
1345 494 1375 528 I.
1020 534 1730 565 Amanecía; la aurora esparciendo por doquier
980 564 1728 598 luz, alegría y vida, embelleciendo la natura¬
980 595 1731 632 leza, hermoseándola y adornándola con las
989 633 1730 664 mil preciosidades con que la vemos engalanada,
980 666 1730 701 y ante cuya contemplación llénase el alma de
980 699 1732 732 una alegría plácida y tranquila é inúndase el
980 733 1730 763 corazón de sensaciones puras. Sí, amanecía la
980 763 1733 797 mañana de aquel día alegre para unos y triste
980 794 1729 831 para otros. Mientras que en una choza, para
997 832 1730 863 un ser que constituía la vida de otros tantos
980 864 1727 900 séres, no amanecía; llegaba el ocaso de su
980 899 1723 931 existencia, el fin de su jornada; morir dejando
980 932 1722 963 en los brazos de la orfandad á una celestial
997 964 1728 996 jóven y á un tierno niño. Más, habla antes
1002 997 1720 1030 de morir. Aquellas palabras deben ser acogi¬
1001 1031 1716 1063 das con respeto y amor, ellas han de estar
980 1065 1713 1098 grabadas en el corazón de aquellos á quienes
980 1098 1719 1130 se dirije, aquella voz no ha de perderse en
980 1130 1711 1162 la inmensidad del espacio; en su lado estaban
980 1161 1303 1196 la jóven y el niño.
1037 1192 1460 1231 —Me muero, hija del alma.
1039 1222 1372 1263 —Madre, tranquilícese.
1033 1258 1720 1296 —Hijo, á ese niño que en tu brazo tienes.
980 1298 1725 1329 has de amarle con aquel amor con que yo te
980 1328 1723 1362 amé; te has de afanar en darle la educación
980 1359 1725 1396 é instrucción que yo te dí, y... procura, y esto
980 1390 1724 1430 sea mi recuerdo á tí, hacerle, hija del alma...
980 1430 1675 1465 amante para su Dios y útil para su Pátria!
1039 1460 1409 1496 Y diciendo esto, expiró.
1025 1515 1719 1550 Gastronomos, ¿quereís comer cosas riquísi¬
980 1553 1717 1584 mas? robad los renombrados bizcochos de LA FLOR
980 1585 1517 1620 TUNA que expende LA ESPERANZA.
1023 1693 1676 1733 Higiene y medicina domestica
1042 1793 1714 1828 MALALIENTO.—Infusión de Salvía, 250 gra¬
980 1829 1719 1865 mos; Glicerina pura, 30 gramos; Tintura de
980 1862 1717 1896 mirra é idem de espliego, ana. 12 gramos; li¬
1005 1894 1654 1927 cor de Labarraque, 30 gramos. M. S. A.
1037 1925 1714 1960 Para lavados de la boca. Estas fórmulas son
980 1957 1717 1993 paliátiyas, solo en el caso de que la fetidez
980 1988 1718 2026 séa bucal. Para curar esta repulsiva afección
980 2019 1716 2060 que anula toda belleza, se necesita remontarse
980 2060 1726 2096 á las causas del mal olor y tratar de suprimirlas.
1034 2090 1714 2125 PARA HACER DESAPARECER LAS MAN-
980 2125 1718 2159 CHAS DE LAS PECAS—Por la noche se lava
1003 2156 1718 2191 la cara, y después de haberla enjugado, se frota
992 2189 1725 2226 ligeramente con un lienzo embebido de leche de
995 2221 1717 2259 almendras. Haciendo esto con frecuencia, des¬
1006 2261 1381 2294 aparecerán las manchas.
980 2313 1732 2350 La Harina Lacteada Nestle se
980 2355 1722 2399 conserva en muy buen estado en los paises tro¬
989 2396 1611 2439 picales, sin,necesidad de cuidado alguno.
