1789 2718
761 160 979 199 “FILIPINAS”
1494 177 1540 211 21
467 256 517 288 II.
176 291 856 327 Desde entonces la jóven y el niño todos los
119 324 856 361 días iban al, camposanto, y allí al pié de
117 360 856 394 aquella cruz que señalaba el lugar de sus más
130 391 856 427 dulces y tiernos recuerdos, al par que era in¬
119 424 856 460 —centivo de sus dolores y amarguras... se arro¬
113 458 856 493 dillaban. Y la jóven con voz muy baja y el
112 491 856 526 -alma anegada en aflicciones, oraba por su ma¬
133 524 856 558 dre; y el niño con acento argentino y suave,
122 557 856 592 con fé y confianza, por su madre, á Dios sus
127 591 359 629 preces ofrecía.
131 623 856 658 Y al terminar aquella oración quizás llena
130 656 856 690 de mil aflicciones, sentábase la jóven y en su
139 689 856 723 regazo el niño, junto á aquella sepultura santa.
136 721 856 756 ¡Quién profundizara los misteriosos arcanos que
121 757 837 789 el corazón huérfano sintiera en dichos instan¬
133 789 856 826 tes? ¿Qué goces capaces serían de enjugar el
127 823 844 855 llanto de aquél que para toda su vida ha
139 848 856 888 perdido á la que debía ser su amiga, su her¬
132 888 838 921 mana, su compañera mártir, su madre? In¬
126 921 834 955 concebible dolor es el de la orfandad, pero
132 949 856 986 menos concebible aún los sentimientos que
119 984 856 1018 —experimentara aquella jóven de ternura sin
134 1019 842 1052 igual, de amor sin límites: de aquel inocente
121 1052 841 1084 corazón en cuyo seno no habrá entrado otro
133 1085 841 1119 amor más puro, más vehemente, menos fugaz
133 1119 840 1151 y más constante, que el amor filial... ¡Ah! basta
139 1151 838 1184 decir que Beatriz es huérfana, y esta expresión
122 1184 743 1218 lacónica como elocuente lo explica todo.
180 1216 856 1253 Y antes de dejar al amor de sus amores,
122 1250 856 1286 depositaban sus manos de inmaculada blancura
122 1283 834 1315 sobre aquella tosca piedra, imágen de la insensi¬
138 1316 856 1352 bilidad. que yace el inerte cuerpo del que un dia
140 1348 856 1384 la amara con delirante cariño, las rosas de su
118 1381 856 1418 amor, las flores de su ilusión que se deshajaran
120 1414 856 1451 al atardecer de la vida de su madre: pero
131 1447 856 1483 temerosa de que se marchitaran tan pronto, las
140 1481 856 1517 regaba con el rocío fecundísimo de sus lágrimas
130 1515 321 1548 de huérfana.
472 1546 534 1578 III.
165 1586 856 1619 No léjos del camposanto, había un camino
122 1619 856 1651 que se dirigía á un hermoso lugar. Es un ca¬
129 1652 856 1684 mino apartado pero de magnífico paisaje, allí,
116 1684 856 1717 después del trabajo del día dirigíase por las
128 1717 856 1750 tardes la huérfana y muy hermosa Beatriz jun¬
130 1749 840 1782 tamente con su hermanito. Y al fragantísimo
128 1783 856 1818 perfume de las flores que impregna el ambien¬
132 1815 856 1849 te, y ante aquel libro de la naturaleza, Bea¬
127 1846 720 1881 triz enseñaba á Alfonso, y solía decirle:
161 1880 856 1915 —Alfonso, hermanito mío, lte acuerdas de
123 1911 609 1946 las palabras de nuestra madre?
191 1942 837 1977 —Mi querida Beatriz, no solamente, me acuerdo
126 1976 676 2011 sino pongo empeño en comprenderlas.
192 2006 802 2042 —De manera que aún no las comprendes?
162 2037 641 2075 —No, pero me acuerdo de ellas.
167 2069 529 2107 —Repetímelas, hermano.
157 2104 856 2139 —Que yo sea amante para mi Dios y útil
121 2139 372 2173 para mi Pátria.
145 2170 856 2208 Y tu inteligencia juvenil no alcanza aún
120 2204 638 2236 la significación de esas palabras?
128 2232 384 2268 —Todavía no.
133 2295 856 2331 El niño recién nacido toma muy bien y se
117 2332 856 2372 nutre completamente, con la Harina Lacteada
115 2372 241 2406 “Nestle.
923 250 1597 291 —Te quería decir nuestra madre, hermano
856 289 1597 326 querido, que has de acordarte siempre de
856 322 1599 358 aquel Sér sumamente bueno, de aquel Soberano
856 356 1598 391 Artífice que creó todo este mundo admirable,
856 389 1599 424 este lugar deliciosícime que tú ves y ante el cual
856 421 1591 456 te deleitas, tan solo para recreación del hom¬
856 455 1589 489 bre; y por eso le has de amar y á El con fre¬
856 487 1598 521 cuencia tu corazón has de elevar. "Y util á
856 521 1596 554 tu Pátria.” ¡Ah! hermano Alfonso, esta bre¬
856 554 1599 589 vísima expresión, última de aquel sér que
887 586 1594 619 tanto te amó, encierra lecciones profundísimas.
856 619 1598 653 Nuestra madre fué muy patriota y quiere que
856 652 1593 687 lo seamos también nosotros. Útil para tu Pá¬
856 685 1593 719 tria, ¿sabes, hermanito mío, como lo serás? Es¬
856 717 1130 751 cúchame atento:
1360 749 1555 782 (Se concluirá.)
856 796 1586 836 Viejos, ya se ve, estaís débiles, porque el tiem
856 838 1586 878 po os ha gastado; más no os desespereis. Los quími
888 873 1599 906 cos acaban de descubrir un alimento el más nutri
885 908 1589 940 tivo, conservativo y reconstituyente de cuantos se
856 943 1600 979 conocen hoy día. Son los célebres biscochos de LA
856 975 1028 1014 FORTUNA.
955 1085 1512 1119 CONOCIMIENTOS UTILES
915 1195 1594 1229 LA "PAPAYA" COMO FUENTE DE RI-
856 1223 1591 1261 QUEZA.—Este árbol que crece casi silvestre en
856 1256 1592 1294 Filipinas, contiene substancias útiles para la hu¬
884 1294 1588 1330 manidad. Sus semillas son vermífugas, y dispép¬
856 1322 1595 1359 ticas, y la leche que secreta el fruto produce un
856 1354 1591 1392 precioso alcaloide para combatir las enfermedades
856 1388 1587 1425 del estómago. Su producción está al alcance de
856 1421 1593 1457 todas las personas; no necesita laboratorios ni
856 1453 1586 1490 reactivos, cuando el fruto está en perfecto estado
856 1487 1593 1522 de sazón, se le hacen incisiones superficiales en
880 1524 1586 1559 todas direcciones, para que secrete la mayor canti¬
881 1556 1588 1591 dad de jugo lechoso, el cual, recojido, se deposita
856 1589 1588 1620 en un plato de loza ó mejor de porcelana, y se
856 1620 1596 1653 pone á secar al calor del sol. Pasadas unas 36
856 1654 1596 1686 horas, se forman cristales de papaina; este es el
856 1687 1591 1720 alcaloide que usan en la farmacia, y el cual vale
856 1720 1439 1752 actualmente de 5, á 6 pesos oro la onza.
905 1753 1594 1787 CONTRA LAS MOSCAS.—Uno de los mejores
856 1784 1590 1818 medios para destruir las moscas, que tanto
856 1817 1591 1850 molestan en este pais en tiempo de calor dentro de
880 1852 1590 1884 las habitaciones, consiste sencillamente en rociar
856 1882 1591 1918 un, poco de pimienta negra ó ponerla en platillos
871 1918 1205 1950 con un poco, de crema.
908 1951 1591 1983 ¡Las moscas comen la crema y se, mueren, por¬
879 1982 1590 2016 que es la pimienta un veneno para ellas. Un
880 2015 1595 2049 remedio tan sencillo presta grandes servicios, por¬
872 2052 1596 2083 que los mosquitos también mueren en los sitios
873 2084 1597 2117 en los cuales se evapora algo de la esencia, de
856 2109 1016 2152 pimienta.
904 2148 1594 2185 Otro medio eficáz, no para, destruir las moscas;
856 2178 1259 2220 pero sí pará ahuyentarlas:
909 2215 1606 2253 Quemar dentro de las habitaciones un poco de
871 2254 1464 2289 alcanfor espolvoreado sobre unas brazas
856 2301 1607 2340 El niño que se acostumbra á tomar la ¡HA¬
856 2342 1621 2385 -RINA LACTEADA NESTLÉ, jamás aceptará.
868 2382 1236 2422 cualquier otro alimento.
