1808 2735
324 206 366 238 22
877 198 1089 237 "FILIPINAS”
261 348 953 396 REPOSTERIA Y COCINA
288 464 935 501 PURÉ DE GUISANTES CON COSTRONES:-
251 503 985 543 Se lava medio kilo de guisantes, que se pone
249 534 960 569 en agua fría con sal y se dejan cocer por una
249 568 985 609 hora; se retiran y se machacan, se pasan por
253 602 985 640 un colador, se vuelven á calentar un instan¬
248 634 966 669 tante, se añade un poco de manteca y se vierte
255 669 985 709 sobre costrones fritos en manteca y preparados de
247 701 405 735 antemano.
292 731 966 768 Se sirven en seguida, á fin de que los costrones
250 767 794 801 no se ablanden al empaparse de puré.
291 800 962 834 GRANIZADO de LIMON.-Se ponen en una
247 834 985 874 sorbetera tres cuartillos de almibar de azucar á
251 866 964 900 28 grados, y un cuarto de cuartillo de zumo de
253 901 347 934 limón.
279 985 985 1019 A NUESTROS FAVORECEDORES
283 1033 962 1067 El Sr. Director de Correos de Filipinas ha admi¬
247 1057 985 1095 tido como correspondencia de 2a clase al semanario
252 1087 962 1124 FILIPINAS; pero no ha querido hacerlo igualmente
244 1116 985 1152 á las 4 páginas del Album del semanario FILIPINAS
244 1145 985 1181 que se remite siempre adjunto á cada número del
252 1173 938 1210 expresado semanario á los suscriptores del mismo.
275 1203 985 1242 Contestamos por escrito al Sr. Director de Correos
254 1226 985 1272 diciéndole: 1.o que el Album del semanario FILIPINAS
246 1259 965 1295 es, como su propio nombre indica, parte integrante
252 1287 962 1324 del periodico semanal FILIPINAS, admitido comeo co¬
236 1316 962 1352 rrespondencia de 2a clase. 2.o Que no es motivo su¬
244 1342 960 1381 ficiente para no gozar el Album del mismo beneficio
246 1372 960 1409 concedido al semanario FILIPINAS, el hecho de que
240 1400 956 1438 aquel se remite á los suscriptores en pliego suelto,
248 1427 985 1465 pero siempre adjunto en cada número del citado se¬
248 1457 985 1495 manario; pues se ven todos los dí s periódicos de
239 1487 985 1528 modas, de bordados y otros, en cuyos números se
238 1516 985 1559 adjuntan hojas sueltas de modelos, figurines y pa¬
240 1542 960 1583 trones, que so consideradas por todos los Correos de
240 1568 985 1607 todas las naciones civilizadas como partes i tegrantes
227 1600 985 1639 ó suplementos de los mencionados periódicos, y por
237 1629 985 1670 consiguiente con derecho á los beneficios que se con¬
243 1658 985 1701 ceden á los mismos Que por estas razones pedíamos
235 1686 985 1732 sean admitidas las 4 páginas del Album del semanario
234 1715 960 1754 Filipinas, que se incluyen en cada número de esta
240 1741 985 1779 publicación, como suplemento de la misma y con igua¬
236 1770 985 1810 les derechos que ella al beneficio de correspondencia
241 1799 404 1832 de 2.a clase.
271 1829 985 1874 Al Sr. Director de Correos no le ha parecido con¬
239 1857 824 1894 veniente acceder á nuestra justísima petición.
276 1885 966 1926 Y siendo ruinoso para la Empresa del semanario
239 1914 985 1953 FILIPINAS franquear las hojas del mencionado ÁLBUM
235 1945 985 1984 como si fueran cartas ordinarias, desde esta fecha
234 1973 985 2014 las uniremos en la encuadernación de cada número
236 2001 962 2041 de esta nuestra publicación y reduciéndolas al mismo
231 2028 985 2066 tamaño de esta, en la persuación de que evitamos
223 2060 491 2094 así más dificultades.
258 2088 962 2126 Sobre el hecho que dejamos consign-do y otros
224 2117 985 2158 mucho más graves que obtaculizan la mayor prospe¬
224 2147 954 2182 ridad de la prensa periódica en Filipinas, vehículo
228 2175 954 2211 el más poderoso para la difusión de las grandes y
219 2205 985 2239 sublimes conquistas de la inteligencia humana, ele
223 2235 985 2271 vamos á la Comisión de Filipinas y á la Asamblea
224 2264 985 2302 Filipina una razonada exposición en demanda de re¬
223 2294 985 2333 medios oportunos y de gran eficacia para contrarrestar
216 2322 546 2357 males tan perjudiciales.
213 2373 985 2409 Estracto de leche, harina de trigo y azúcar..
219 2410 985 2442 Estos elementos purísimos integran la Ha¬
218 2447 749 2480 rina Lacteada Nestle.
1004 319 1729 354 Las mujeres mas ricas del mundo
1035 383 1729 418 ¿Quieren ustedes saber quiénes son las diez
985 417 1424 450 mujeres más ricas del mundo?
1031 451 1247 484 Pues allá van:
1032 483 1727 516 La excéntrica Mrs. Helty Green posee de sé-
985 513 1710 550 tenta á ochenta millones de pesos oro.
1044 549 1720 583 Mr Russell Sage, americana, heredó ochenta¬
985 579 1714 618 y un millones; pero ha dado gran parte á obras
985 610 1231 655 de beneficencia.
1041 649 1720 683 La señora Von Bohlen, hija de Krupp, tiene
985 679 1432 717 ochenta millones de pesos oro.
1040 713 1710 750 Ana Wauker, sesenta millones.
1031 747 1718 783 La mejicana Sra. Creel disfruta de cinco mi¬
1007 784 1223 816 llones de renta.
1041 813 1714 849 Ogden Goelet, Duquesa de Roxburgh, ha he-
985 844 1399 886 redado veinticinco millones.
1039 882 1723 916 Gladys Vanderbilt, Condesa de Szechanbl,
1000 917 1202 949 trece millones.
1039 947 1724 982 La Marquesa de Graham, hija del Duque de
985 983 1711 1017 Hamilton, seiscientos mil pesos de renta anual.
1038 1014 1730 1049 La hija de sir Blundell Maple posee también
985 1048 1708 1087 de renta, tresciertos cincuenta mil pesos.
1038 1079 1718 1115 Mme, Jules Lebandy cuenta uns renta de casi
985 1117 1721 1150 cuatrocientos mil pesos que promete una bonita
985 1149 1706 1181 herencia al famoso Emperador del Sahara.
1031 1180 1708 1215 Si en esta lista hay algún err r pueden mani¬
985 1212 1726 1249 festárnoslo las omitidas. Estamos dispuestos á..
985 1242 1133 1287 rectificar.
1326 1296 1406 1310 —
1043 1345 1710 1381 Las mujeres pintadas por los hombres
1039 1394 1712 1429 El corazón de la mujer es como ciertos instru¬
985 1432 1677 1464 mentos que suenan bien ó mal, según les toca.¬
985 1462 1220 1494 SAINT PROSPER.
985 1498 1718 1536 —Todas las virtudes de la humanidad son inhe¬
985 1529 1720 1571 rentes á la mujer; el hombre, por el contrario,
985 1571 1436 1604 necesita conquistarlas.—CARO.
985 1609 1723 1642 —La compasión por los desgraciados es la cua¬
985 1640 1723 1676 lidad que más sobresale en la mujer, que siente
985 1671 1713 1710 mayor ternura, es más piadosa y siempre está dis¬
985 1702 1722 1743 puesta á socorrer os En ella la sensibilidad por
985 1744 1719 1777 instinto obra mas pronto que el razonamiento.
985 1778 1711 1810 Mientras el hombre piensa, ella socorre —THOMAS.
1062 1813 1724 1850 En el amor materno descansa el porvenir del
985 1844 1475 1883 género humano —AIME Martin.
1041 1886 1725 1922 —La mujer es á la felicidad del hombre lo que
985 1922 1719 1955 el acorde al instrumento de música; lo que la
985 1954 1721 1989 entonación á una sonata, lo que la armonía á to¬
985 1984 1304 2024 das las cosas —J. L.
985 2028 1702 2064 —La mujer es la amiga natural del hombre.—
996 2061 1118 2093 BONALD.
1027 2098 1699 2135 —La mujer es la obra maestra del universo.—
985 2128 1129 2168 LESSING.
1031 2170 1719 2207 —La mujer tiene el génío de la Caridad. Un
985 2205 1725 2240 hombre no da más que su dinero; la mujer une á
985 2237 1725 2273 este su corazón. Un centén en manos de una mu¬
985 2271 1726 2306 jer buena socorre á más pobres que una onza de
985 2303 1543 2340 oro en las de un hombre.—LEGOUVE.
1068 2334 1720 2374 El deber de la mujer consiste en ser virtúosa,
985 2370 1725 2408 más por privilegio suyo le basta con parecerlo.
985 2402 1724 2442 Muchas olvidan su deber y todas indistintamente
1002 2439 1555 2476 recuerdan su privilegio.—BUIGRICOUT.
