1866 2747
883 152 1079 209 “FILIPINAS'
675 304 1661 349 "no descansaremos hasta que nuestros obreros de
298 346 1666 389 diferentes ramos tengan, no solo establecimientos propios, sino casas
294 384 623 419 propias tambien" : : : :
881 420 1573 476 (PALABRAS DE ISABELO DE LOS REYES EN 1902)
290 497 1660 600 LA IMPRENTA "TAGUMPAY"
917 622 1035 677 DE LA
438 695 1540 759 UNION DE TIPOGRAFOS FILIPINOS
286 819 1670 881 Se estabiecio en 1906 por medio del esfuerzo genuinamente obrero
394 885 1569 948 Administran y dirigen obreros mamuales.
376 993 1583 1043 SE VEREFICA TODA CLASE DE TRABAJOS CONCERNIEN-
367 1046 1591 1097 TES A CANDIDATURAS EN LAS PROXIMAS ELECCIONES
281 1108 959 1163 Plaza Sta· Cruz 15. Tel. 1404
1334 1123 1663 1181 MANILA. I. F.
743 1405 1235 1571 "LA CONCHA"
573 1638 1376 1698 Fabrica de Botones
830 1708 1135 1763 Escolta 82
541 1783 1484 1840 RECIBE TODA CLASE DE OBRAS DE
462 1846 630 1892 NACAR.
607 2135 1295 2170 NENENG RIZAL
358 2313 484 2352 Vende:
400 2179 1521 2218 ALTOS DE LA CASA N.o 182, CALLE LACOSTE, STA. CRUZ.--MANILA
511 2225 1284 2259 Alhajas de brillante, perla, puro oro y plata, garanti-
544 2265 1275 2298 zadas de buena calidad y á precios sin competencia.
484 2305 1315 2343 Sinamayes de Legaspi terno, Kalibo, lloilo y otros
538 2345 1059 2380 más, todos muy bonitos y baratos.
1315 2310 1650 2342 Recíbe:
1558 2227 1663 2259 Obras
1578 2267 1626 2298 de
1557 2288 1699 2350 Plate-
1567 2332 1636 2386 ría.
