<?xml version="1.0" encoding="UTF-8" standalone="yes"?>
<PcGts xmlns="http://schema.primaresearch.org/PAGE/gts/pagecontent/2013-07-15" xmlns:xsi="http://www.w3.org/2001/XMLSchema-instance" xsi:schemaLocation="http://schema.primaresearch.org/PAGE/gts/pagecontent/2013-07-15 http://schema.primaresearch.org/PAGE/gts/pagecontent/2013-07-15/pagecontent.xsd">
    <Metadata>
        <Creator>prov=University of Rostock/Institute of Mathematics/CITlab|PLANET AI GmbH/Gundram Leifert/gundram.leifert@planet-ai.de:name=Philippine newspapers(htr_id=33524)::::v=2.6.7
prov=University of Rostock/Institute of Mathematics/CITlab|PLANET AI GmbH/Tobias Gruening/tobias.gruening@planet-ai.de:name=de.uros.citlab.module.baseline2polygon.B2PSeamMultiOriented:v=2.6.7
prov=University of Rostock/Institute of Mathematics/CITlab|PLANET AI GmbH/Tobias Gruening/tobias.gruening@planet-ai.de:name=/net_tf/LA73_249_0mod360.pb:de.uros.citlab.segmentation.CITlab_LA_ML:v=2.6.7
prov=University of Rostock/Institute of Mathematics/CITlab|PLANET AI GmbH/Tobias Gruening/tobias.gruening@planet-ai.de:name=/net_tf/LA73_249_0mod360.pb:de.uros.citlab.segmentation.CITlab_LA_ML:v=2.6.7
prov=University of Rostock/Institute of Mathematics/CITlab/Tobias Gruening/tobias.gruening@uni-rostock.de:name=/net_tf/LA73_249_0mod360.pb:de.uros.citlab.segmentation.CITlab_LA_ML:v=2.3.0
</Creator>
        <Created>2019-04-19T16:15:33.433+02:00</Created>
        <LastChange>2025-10-21T01:15:16.927+02:00</LastChange>
        <Comments>
                Measurement unit: pixel
                PrimaryLanguage: English
                Language: SpanishTraditionalSort
                Producer: ABBYY FineReader Engine 11</Comments>
        <TranskribusMetadata docId="141751" pageId="5258065" pageNr="16" tsid="258457470" status="GT" userId="30120" imgUrl="https://files.transkribus.eu/Get?fileType=view&amp;id=IHHJEUFQWKQSMZCZXDZARELD" xmlUrl="https://files.transkribus.eu/Get?id=GMUOOBGNGQMJHIRPGPUZPEOG" imageId="3075325"/>
    </Metadata>
    <Page imageFilename="0016_image00321.jpg" imageWidth="1794" imageHeight="2747">
        <PrintSpace>
            <Coords points="0,178 1639,178 1639,2747 0,2747"/>
        </PrintSpace>
        <ReadingOrder>
            <OrderedGroup id="ro_1781166435302" caption="Regions reading order">
                <RegionRefIndexed index="0" regionRef="r_3"/>
                <RegionRefIndexed index="1" regionRef="r_2"/>
                <RegionRefIndexed index="3" regionRef="r_1"/>
                <RegionRefIndexed index="4" regionRef="r_4"/>
                <RegionRefIndexed index="5" regionRef="r_149"/>
            </OrderedGroup>
        </ReadingOrder>
        <Relations>
            <Relation type="link" custom="relationName {value:Article;}">
                <RegionRef regionRef="r"/>
                <RegionRef regionRef="r_4"/>
                <RegionRef regionRef="r_1"/>
                <RegionRef regionRef="l_114"/>
            </Relation>
        </Relations>
        <TextRegion id="r_3" custom="readingOrder {index:0;} structure {type:heading;}">
            <Coords points="1406,289 134,289 134,174 1406,174"/>
            <TextLine id="l_2" custom="readingOrder {index:0;}">
                <Coords points="1165,260 1190,263 1215,264 1240,264 1265,263 1290,264 1315,266 1315,289 1165,289"/>
                <Baseline points="1165,280 1190,283 1215,284 1240,284 1265,283 1290,284 1315,286"/>
                <TextEquiv>
                    <Unicode>V. DE A.</Unicode>
                </TextEquiv>
            </TextLine>
            <TextLine id="l_3" custom="readingOrder {index:1;}">
                <Coords points="463,252 497,251 1307,262 1319,291 497,281 463,282"/>
                <Baseline points="463,272 497,271 531,271 566,271 600,271 1307,285"/>
                <TextEquiv>
                    <Unicode>LA ESPOSA DEL PRESIDENTE DE LOS E. U. DE A.</Unicode>
                </TextEquiv>
            </TextLine>
            <TextEquiv>
                <Unicode></Unicode>
            </TextEquiv>
        </TextRegion>
        <TextRegion id="r_2" custom="readingOrder {index:1;} structure {type:page-number;}">
            <Coords points="1406,174 1583,174 1583,289 1406,289"/>
            <TextLine id="l_1" custom="readingOrder {index:0;}">
                <Coords points="1455,246 1477,249 1493,249 1493,219 1479,219 1459,216"/>
                <Baseline points="1455,246 1477,249 1493,249"/>
                <TextEquiv>
                    <Unicode>13</Unicode>
                </TextEquiv>
            </TextLine>
            <TextEquiv>
                <Unicode></Unicode>
            </TextEquiv>
        </TextRegion>
        <ImageRegion id="r" custom="readingOrder {index:2;}">
            <Coords points="611,301 1554,301 1554,1483 611,1483"/>
        </ImageRegion>
        <TextRegion id="r_1" custom="readingOrder {index:3;} structure {type:credit;}">
            <Coords points="594,1471 1200,1471 1200,1509 594,1509"/>
            <TextLine id="l" custom="readingOrder {index:0;}">
                <Coords points="611,1495 637,1495 655,1493 675,1493 699,1493 715,1493 737,1493 761,1479 781,1489 813,1495 835,1495 845,1493 887,1497 907,1493 937,1499 959,1493 979,1493 995,1493 1027,1493 1051,1491 1100,1491 1140,1491 1158,1493 1161,1463 1142,1461 1100,1461 1050,1461 1026,1463 995,1463 979,1463 955,1463 936,1469 907,1463 885,1467 843,1463 832,1465 816,1465 791,1461 760,1442 729,1464 715,1463 699,1463 675,1463 653,1463 635,1465 611,1465"/>
                <Baseline points="611,1495 637,1495 655,1493 675,1493 699,1493 715,1493 737,1493 761,1479 781,1489 813,1495 835,1495 845,1493 887,1497 907,1493 937,1499 959,1493 979,1493 995,1493 1027,1493 1051,1491 1100,1491 1140,1491 1158,1493"/>
                <TextEquiv>
                    <Unicode>COPYRIGHT BY HARRIS &amp; EWING</Unicode>
                </TextEquiv>
            </TextLine>
            <TextEquiv>
                <Unicode></Unicode>
            </TextEquiv>
        </TextRegion>
        <TextRegion id="r_4" custom="readingOrder {index:4;}">
            <Coords points="600,289 617,289 617,308 608,1496 1540,1486 1583,1486 1583,1574 600,1574"/>
            <TextLine id="l_114" custom="readingOrder {index:0;} structure {type:caption;} person {offset:0; length:24;wikiData:Q255115;}">
                <Coords points="806,1563 832,1563 858,1563 884,1563 910,1563 937,1563 963,1564 989,1564 1015,1564 1041,1564 1068,1565 1094,1565 1120,1565 1146,1566 1172,1566 1199,1566 1225,1567 1251,1567 1277,1567 1303,1567 1330,1567 1330,1537 1303,1537 1277,1537 1251,1537 1225,1537 1199,1536 1172,1536 1146,1536 1120,1535 1094,1535 1068,1535 1041,1534 1015,1534 989,1534 963,1534 937,1533 910,1533 884,1533 858,1533 832,1533 806,1533"/>
                <Baseline points="806,1553 832,1553 858,1553 884,1553 910,1553 937,1553 963,1554 989,1554 1015,1554 1041,1554 1068,1555 1094,1555 1120,1555 1146,1556 1172,1556 1199,1556 1225,1557 1251,1557 1277,1557 1303,1557 1330,1557"/>
                <TextEquiv>
                    <Unicode>MRS. WILLIAM HOWARD TAFT.</Unicode>
                </TextEquiv>
            </TextLine>
            <TextEquiv>
                <Unicode></Unicode>
            </TextEquiv>
        </TextRegion>
        <TextRegion id="r_149" custom="readingOrder {index:5;} structure {type:paragraph;}">
            <Coords points="134,289 600,289 1583,1574 1583,2304 134,2304"/>
            <TextLine id="l_70" custom="readingOrder {index:0;}">
                <Coords points="266,355 291,356 316,357 341,357 366,358 391,358 416,358 441,358 466,357 491,357 516,357 541,357 566,356 591,356 591,326 566,326 541,327 516,327 491,327 466,327 441,328 416,328 391,328 366,328 341,327 316,327 291,326 266,325"/>
                <Baseline points="266,345 291,346 316,347 341,347 366,348 391,348 416,348 441,348 466,347 491,347 516,347 541,347 566,346 591,346"/>
                <TextEquiv>
                    <Unicode>En el mundo político y so</Unicode>
                </TextEquiv>
            </TextLine>
            <TextLine id="l_71" custom="readingOrder {index:1;} person {offset:10; length:14; continued:true;wikiData:Q35648;}">
                <Coords points="202,385 228,385 254,385 280,385 306,385 332,385 358,385 384,385 410,385 436,385 462,385 488,385 514,385 540,385 566,385 592,385 592,355 566,355 540,355 514,355 488,355 462,355 436,355 410,355 384,355 358,355 332,355 306,355 280,355 254,355 228,355 202,355"/>
                <Baseline points="202,375 228,375 254,375 280,375 306,375 332,375 358,375 384,375 410,375 436,375 462,375 488,375 514,375 540,375 566,375 592,375"/>
                <TextEquiv>
                    <Unicode>cial, MR. WILLIAM HOWARD</Unicode>
                </TextEquiv>
            </TextLine>
            <TextLine id="l_72" custom="readingOrder {index:2;} person {offset:0; length:4; continued:true;wikiData:Q35648;}">
                <Coords points="205,412 230,413 255,414 280,414 306,414 331,414 356,414 381,414 407,413 432,413 457,413 482,413 508,413 533,414 558,414 584,415 584,385 558,384 533,384 508,383 482,383 457,383 432,383 407,383 381,384 356,384 331,384 306,384 280,384 255,384 230,383 205,382"/>
                <Baseline points="205,402 230,403 255,404 280,404 306,404 331,404 356,404 381,404 407,403 432,403 457,403 482,403 508,403 533,404 558,404 584,405"/>
                <TextEquiv>
                    <Unicode>TAFT goza de la fama muy</Unicode>
                </TextEquiv>
            </TextLine>
            <TextLine id="l_73" custom="readingOrder {index:3;}">
                <Coords points="206,441 231,441 256,441 282,441 307,441 332,441 358,441 383,441 408,441 434,441 459,441 484,441 510,442 535,442 560,442 586,443 586,413 560,412 535,412 510,412 484,411 459,411 434,411 408,411 383,411 358,411 332,411 307,411 282,411 256,411 231,411 206,411"/>
                <Baseline points="206,431 231,431 256,431 282,431 307,431 332,431 358,431 383,431 408,431 434,431 459,431 484,431 510,432 535,432 560,432 586,433"/>
                <TextEquiv>
                    <Unicode>merecedor de estadista insigne,</Unicode>
                </TextEquiv>
            </TextLine>
            <TextLine id="l_74" custom="readingOrder {index:4;}">
                <Coords points="202,469 227,470 252,470 277,470 303,470 328,470 353,470 378,470 404,470 429,470 454,470 479,470 505,470 530,471 555,471 581,472 581,442 555,441 530,441 505,440 479,440 454,440 429,440 404,440 378,440 353,440 328,440 303,440 277,440 252,440 227,440 202,439"/>
                <Baseline points="202,459 227,460 252,460 277,460 303,460 328,460 353,460 378,460 404,460 429,460 454,460 479,460 505,460 530,461 555,461 581,462"/>
                <TextEquiv>
                    <Unicode>colosal, portentoso. Tan ina</Unicode>
                </TextEquiv>
            </TextLine>
            <TextLine id="l_75" custom="readingOrder {index:5;}">
                <Coords points="199,498 224,498 250,498 276,498 302,498 328,498 354,498 380,497 405,497 431,497 457,497 483,497 509,498 535,498 561,498 587,498 587,468 561,468 535,468 509,468 483,467 457,467 431,467 405,467 380,467 354,468 328,468 302,468 276,468 250,468 224,468 199,468"/>
                <Baseline points="199,488 224,488 250,488 276,488 302,488 328,488 354,488 380,487 405,487 431,487 457,487 483,487 509,488 535,488 561,488 587,488"/>
                <TextEquiv>
                    <Unicode>preciable cualidad que á la ver</Unicode>
                </TextEquiv>
            </TextLine>
            <TextLine id="l_76" custom="readingOrder {index:6;}">
                <Coords points="202,526 227,526 252,526 277,526 302,526 328,525 353,525 378,526 403,526 428,526 454,526 479,526 504,526 529,526 554,526 580,527 580,497 554,496 529,496 504,496 479,496 454,496 428,496 403,496 378,496 353,495 328,495 302,496 277,496 252,496 227,496 202,496"/>
                <Baseline points="202,516 227,516 252,516 277,516 302,516 328,515 353,515 378,516 403,516 428,516 454,516 479,516 504,516 529,516 554,516 580,517"/>
                <TextEquiv>
                    <Unicode>dad posee y la excelente for¬</Unicode>
                </TextEquiv>
            </TextLine>
            <TextLine id="l_77" custom="readingOrder {index:7;}">
                <Coords points="204,554 229,554 255,554 281,554 307,554 333,554 359,554 385,554 410,554 436,554 462,554 488,554 514,555 540,555 566,555 592,555 592,525 566,525 540,525 514,525 488,524 462,524 436,524 410,524 385,524 359,524 333,524 307,524 281,524 255,524 229,524 204,524"/>
                <Baseline points="204,544 229,544 255,544 281,544 307,544 333,544 359,544 385,544 410,544 436,544 462,544 488,544 514,545 540,545 566,545 592,545"/>
                <TextEquiv>
                    <Unicode>tuna que siempre le acompaña</Unicode>
                </TextEquiv>
            </TextLine>
            <TextLine id="l_78" custom="readingOrder {index:8;}">
                <Coords points="201,584 226,584 251,583 277,583 302,583 328,583 353,583 379,583 404,583 430,582 455,582 481,583 506,583 532,583 557,583 583,584 583,554 557,553 532,553 506,553 481,553 455,552 430,552 404,553 379,553 353,553 328,553 302,553 277,553 251,553 226,554 201,554"/>
                <Baseline points="201,574 226,574 251,573 277,573 302,573 328,573 353,573 379,573 404,573 430,572 455,572 481,573 506,573 532,573 557,573 583,574"/>
                <TextEquiv>
                    <Unicode>propicia, le han hecho subir,</Unicode>
                </TextEquiv>
            </TextLine>
            <TextLine id="l_79" custom="readingOrder {index:9;}">
                <Coords points="200,609 225,610 251,611 277,611 303,611 329,611 354,611 380,611 406,611 432,611 458,610 483,610 509,610 535,610 561,611 587,612 587,582 561,581 535,580 509,580 483,580 458,580 432,581 406,581 380,581 354,581 329,581 303,581 277,581 251,581 225,580 200,579"/>
                <Baseline points="200,599 225,600 251,601 277,601 303,601 329,601 354,601 380,601 406,601 432,601 458,600 483,600 509,600 535,600 561,601 587,602"/>
                <TextEquiv>
                    <Unicode>con vertiginosa rapidez, desde</Unicode>
                </TextEquiv>
            </TextLine>
            <TextLine id="l_80" custom="readingOrder {index:10;}">
                <Coords points="196,637 222,638 248,639 274,639 300,639 326,640 352,639 378,639 404,639 430,639 456,639 482,638 508,638 534,638 560,639 586,639 586,609 560,609 534,608 508,608 482,608 456,609 430,609 404,609 378,609 352,609 326,610 300,609 274,609 248,609 222,608 196,607"/>
                <Baseline points="196,627 222,628 248,629 274,629 300,629 326,630 352,629 378,629 404,629 430,629 456,629 482,628 508,628 534,628 560,629 586,629"/>
                <TextEquiv>
                    <Unicode>el modesto cargo de juez de</Unicode>
                </TextEquiv>
            </TextLine>
            <TextLine id="l_81" custom="readingOrder {index:11;}">
                <Coords points="204,666 229,667 254,667 280,667 305,667 331,667 356,667 381,667 407,667 432,667 458,667 483,668 508,668 534,668 559,668 585,669 585,639 559,638 534,638 508,638 483,638 458,637 432,637 407,637 381,637 356,637 331,637 305,637 280,637 254,637 229,637 204,636"/>
                <Baseline points="204,656 229,657 254,657 280,657 305,657 331,657 356,657 381,657 407,657 432,657 458,657 483,658 508,658 534,658 559,658 585,659"/>
                <TextEquiv>
                    <Unicode>circuito que desempeñaba, has.</Unicode>
                </TextEquiv>
            </TextLine>
            <TextLine id="l_82" custom="readingOrder {index:12;}">
                <Coords points="200,696 225,696 251,695 276,695 302,695 328,695 353,695 379,695 404,696 430,696 456,696 481,696 507,696 532,696 558,696 584,696 584,666 558,666 532,666 507,666 481,666 456,666 430,666 404,666 379,665 353,665 328,665 302,665 276,665 251,665 225,666 200,666"/>
                <Baseline points="200,686 225,686 251,685 276,685 302,685 328,685 353,685 379,685 404,686 430,686 456,686 481,686 507,686 532,686 558,686 584,686"/>
                <TextEquiv>
                    <Unicode>ta la más alta magistratura de</Unicode>
                </TextEquiv>
            </TextLine>
            <TextLine id="l_83" custom="readingOrder {index:13;}">
                <Coords points="195,723 220,723 246,724 272,724 298,724 324,724 350,724 376,724 401,724 427,723 453,723 479,723 505,723 531,723 557,724 583,724 583,694 557,694 531,693 505,693 479,693 453,693 427,693 401,694 376,694 350,694 324,694 298,694 272,694 246,694 220,693 195,693"/>
                <Baseline points="195,713 220,713 246,714 272,714 298,714 324,714 350,714 376,714 401,714 427,713 453,713 479,713 505,713 531,713 557,714 583,714"/>
                <TextEquiv>
                    <Unicode>la grande y poderosa república</Unicode>
                </TextEquiv>
            </TextLine>
            <TextLine id="l_84" custom="readingOrder {index:14;} place {offset:7; length:21; continued:true;wikiData:Q30;}">
                <Coords points="195,751 220,751 246,751 271,751 297,752 323,752 348,752 374,752 399,752 425,752 451,752 476,752 502,752 527,752 553,753 579,753 579,723 553,723 527,722 502,722 476,722 451,722 425,722 399,722 374,722 348,722 323,722 297,722 271,721 246,721 220,721 195,721"/>
                <Baseline points="195,741 220,741 246,741 271,741 297,742 323,742 348,742 374,742 399,742 425,742 451,742 476,742 502,742 527,742 553,743 579,743"/>
                <TextEquiv>
                    <Unicode>de los Estados Unidos de Amé</Unicode>
                </TextEquiv>
            </TextLine>
            <TextLine id="l_85" custom="readingOrder {index:15;} place {offset:0; length:4; continued:true;wikiData:Q30;}">
                <Coords points="193,779 219,780 245,780 271,781 298,781 324,781 350,781 376,781 403,780 429,780 455,779 481,779 508,779 534,779 560,780 587,780 587,750 560,750 534,749 508,749 481,749 455,749 429,750 403,750 376,751 350,751 324,751 298,751 271,751 245,750 219,750 193,749"/>
                <Baseline points="193,769 219,770 245,770 271,771 298,771 324,771 350,771 376,771 403,770 429,770 455,769 481,769 508,769 534,769 560,770 587,770"/>
                <TextEquiv>
                    <Unicode>rica.—¿Pero qué tiene que ver</Unicode>
                </TextEquiv>
            </TextLine>
            <TextLine id="l_86" custom="readingOrder {index:16;}">
                <Coords points="199,808 224,808 250,808 276,808 302,808 328,808 354,807 380,807 406,807 432,807 458,808 484,808 510,808 536,809 562,810 588,811 588,781 562,780 536,779 510,778 484,778 458,778 432,777 406,777 380,777 354,777 328,778 302,778 276,778 250,778 224,778 199,778"/>
                <Baseline points="199,798 224,798 250,798 276,798 302,798 328,798 354,797 380,797 406,797 432,797 458,798 484,798 510,798 536,799 562,800 588,801"/>
                <TextEquiv>
                    <Unicode>todos esos méritos, esa fortuna</Unicode>
                </TextEquiv>
            </TextLine>
            <TextLine id="l_87" custom="readingOrder {index:17;}">
                <Coords points="201,834 226,835 251,837 277,837 302,837 328,837 353,837 379,837 404,837 430,836 455,836 481,836 506,836 532,836 557,837 583,838 583,808 557,807 532,806 506,806 481,806 455,806 430,806 404,807 379,807 353,807 328,807 302,807 277,807 251,807 226,805 201,804"/>
                <Baseline points="201,824 226,825 251,827 277,827 302,827 328,827 353,827 379,827 404,827 430,826 455,826 481,826 506,826 532,826 557,827 583,828"/>
                <TextEquiv>
                    <Unicode>y ese encumbramiento de Mr.</Unicode>
                </TextEquiv>
            </TextLine>
            <TextLine id="l_88" custom="readingOrder {index:18;} person {offset:0; length:4;wikiData:Q35648;}">
                <Coords points="200,863 225,864 250,864 276,865 301,865 327,864 352,864 377,864 403,864 428,863 454,863 479,863 504,863 530,864 555,865 581,866 581,836 555,835 530,834 504,833 479,833 454,833 428,833 403,834 377,834 352,834 327,834 301,835 276,835 250,834 225,834 200,833"/>
                <Baseline points="200,853 225,854 250,854 276,855 301,855 327,854 352,854 377,854 403,854 428,853 454,853 479,853 504,853 530,854 555,855 581,856"/>
                <TextEquiv>
                    <Unicode>Taft con nu esposa?—pregun¬</Unicode>
                </TextEquiv>
            </TextLine>
            <TextLine id="l_89" custom="readingOrder {index:19;}">
                <Coords points="199,893 224,893 249,893 275,893 300,893 325,893 351,893 376,892 401,892 427,892 452,892 477,893 503,893 528,893 553,893 579,894 579,864 553,863 528,863 503,863 477,863 452,862 427,862 401,862 376,862 351,863 325,863 300,863 275,863 249,863 224,863 199,863"/>
                <Baseline points="199,883 224,883 249,883 275,883 300,883 325,883 351,883 376,882 401,882 427,882 452,882 477,883 503,883 528,883 553,883 579,884"/>
                <TextEquiv>
                    <Unicode>tarán tal vez nuestras amables</Unicode>
                </TextEquiv>
            </TextLine>
            <TextLine id="l_90" custom="readingOrder {index:20;}">
                <Coords points="200,922 225,921 250,921 275,921 301,921 326,921 351,921 376,921 402,921 427,921 452,921 477,922 503,922 528,922 553,922 579,921 579,891 553,892 528,892 503,892 477,892 452,891 427,891 402,891 376,891 351,891 326,891 301,891 275,891 250,891 225,891 200,892"/>
                <Baseline points="200,912 225,911 250,911 275,911 301,911 326,911 351,911 376,911 402,911 427,911 452,911 477,912 503,912 528,912 553,912 579,911"/>
                <TextEquiv>
                    <Unicode>lectoras,— Pues, mucho, con¬</Unicode>
                </TextEquiv>
            </TextLine>
            <TextLine id="l_91" custom="readingOrder {index:21;}">
                <Coords points="199,949 224,949 249,950 274,950 299,950 324,950 349,949 374,949 399,949 424,948 449,948 474,948 499,948 524,948 549,949 575,949 575,919 549,919 524,918 499,918 474,918 449,918 424,918 399,919 374,919 349,919 324,920 299,920 274,920 249,920 224,919 199,919"/>
                <Baseline points="199,939 224,939 249,940 274,940 299,940 324,940 349,939 374,939 399,939 424,938 449,938 474,938 499,938 524,938 549,939 575,939"/>
                <TextEquiv>
                    <Unicode>testamos nosotras. No es po¬</Unicode>
                </TextEquiv>
            </TextLine>
            <TextLine id="l_92" custom="readingOrder {index:22;}">
                <Coords points="195,977 220,977 246,978 272,978 298,978 324,978 349,978 375,978 401,978 427,978 453,977 478,977 504,977 530,977 556,977 582,977 582,947 556,947 530,947 504,947 478,947 453,947 427,948 401,948 375,948 349,948 324,948 298,948 272,948 246,948 220,947 195,947"/>
                <Baseline points="195,967 220,967 246,968 272,968 298,968 324,968 349,968 375,968 401,968 427,968 453,967 478,967 504,967 530,967 556,967 582,967"/>
                <TextEquiv>
                    <Unicode>sible negar la influencia de la</Unicode>
                </TextEquiv>
            </TextLine>
            <TextLine id="l_93" custom="readingOrder {index:23;}">
                <Coords points="195,1005 220,1006 245,1006 271,1006 296,1006 322,1006 347,1006 372,1006 398,1006 423,1005 449,1005 474,1005 499,1006 525,1006 550,1006 576,1007 576,977 550,976 525,976 499,976 474,975 449,975 423,975 398,976 372,976 347,976 322,976 296,976 271,976 245,976 220,976 195,975"/>
                <Baseline points="195,995 220,996 245,996 271,996 296,996 322,996 347,996 372,996 398,996 423,995 449,995 474,995 499,996 525,996 550,996 576,997"/>
                <TextEquiv>
                    <Unicode>mujer á su marido, tanto para</Unicode>
                </TextEquiv>
            </TextLine>
            <TextLine id="l_94" custom="readingOrder {index:24;}">
                <Coords points="197,1003 466,1003 582,1004 582,1034 530,1034 223,1034 197,1033"/>
                <Baseline points="197,1023 223,1024 250,1024 277,1024 304,1024 331,1024 358,1024 385,1023 412,1023 439,1023 466,1023 493,1024 520,1024 530,1024 556,1024 582,1024"/>
                <TextEquiv>
                    <Unicode>el bien como para el mal.</Unicode>
                </TextEquiv>
            </TextLine>
            <TextLine id="l_95" custom="readingOrder {index:25;} person {offset:12; length:4;wikiData:Q35648;}">
                <Coords points="197,1062 222,1062 247,1062 273,1062 298,1062 324,1062 349,1062 374,1061 400,1061 425,1061 451,1061 476,1061 501,1061 527,1062 552,1062 578,1062 578,1032 552,1032 527,1032 501,1031 476,1031 451,1031 425,1031 400,1031 374,1031 349,1032 324,1032 298,1032 273,1032 247,1032 222,1032 197,1032"/>
                <Baseline points="197,1052 222,1052 247,1052 273,1052 298,1052 324,1052 349,1052 374,1051 400,1051 425,1051 451,1051 476,1051 501,1051 527,1052 552,1052 578,1052"/>
                <TextEquiv>
                    <Unicode>Los esposos Taft se quieren;</Unicode>
                </TextEquiv>
            </TextLine>
            <TextLine id="l_96" custom="readingOrder {index:26;}">
                <Coords points="198,1090 224,1090 251,1090 278,1090 304,1090 331,1090 358,1090 385,1090 411,1090 438,1089 465,1089 491,1089 518,1089 545,1089 572,1090 572,1060 545,1059 518,1059 491,1059 465,1059 438,1059 411,1060 385,1060 358,1060 331,1060 304,1060 278,1060 251,1060 224,1060 198,1060"/>
                <Baseline points="198,1080 224,1080 251,1080 278,1080 304,1080 331,1080 358,1080 385,1080 411,1080 438,1079 465,1079 491,1079 518,1079 545,1079 572,1080"/>
                <TextEquiv>
                    <Unicode>todos los filipinos lo han ob¬</Unicode>
                </TextEquiv>
            </TextLine>
            <TextLine id="l_97" custom="readingOrder {index:27;} person {offset:14; length:4;wikiData:Q35648;}">
                <Coords points="194,1117 219,1118 245,1119 271,1119 296,1120 322,1120 348,1119 373,1119 399,1119 425,1118 450,1118 476,1118 502,1117 527,1117 553,1117 579,1118 579,1088 553,1087 527,1087 502,1087 476,1088 450,1088 425,1088 399,1089 373,1089 348,1089 322,1090 296,1090 271,1089 245,1089 219,1088 194,1087"/>
                <Baseline points="194,1107 219,1108 245,1109 271,1109 296,1110 322,1110 348,1109 373,1109 399,1109 425,1108 450,1108 476,1108 502,1107 527,1107 553,1107 579,1108"/>
                <TextEquiv>
                    <Unicode>servado. Mrs. Taft es de ilus¬</Unicode>
                </TextEquiv>
            </TextLine>
            <TextLine id="l_98" custom="readingOrder {index:28;}">
                <Coords points="193,1147 218,1147 243,1147 269,1147 294,1147 319,1146 345,1146 370,1146 395,1146 421,1146 446,1146 471,1146 497,1146 522,1146 547,1146 573,1146 573,1116 547,1116 522,1116 497,1116 471,1116 446,1116 421,1116 395,1116 370,1116 345,1116 319,1116 294,1117 269,1117 243,1117 218,1117 193,1117"/>
                <Baseline points="193,1137 218,1137 243,1137 269,1137 294,1137 319,1136 345,1136 370,1136 395,1136 421,1136 446,1136 471,1136 497,1136 522,1136 547,1136 573,1136"/>
                <TextEquiv>
                    <Unicode>tración vastísima y de intelin</Unicode>
                </TextEquiv>
            </TextLine>
            <TextLine id="l_99" custom="readingOrder {index:29;}">
                <Coords points="194,1178 219,1177 244,1176 270,1175 295,1175 320,1175 346,1175 371,1175 396,1175 422,1175 447,1175 472,1175 498,1175 523,1176 548,1176 574,1176 574,1146 548,1146 523,1146 498,1145 472,1145 447,1145 422,1145 396,1145 371,1145 346,1145 320,1145 295,1145 270,1145 244,1146 219,1147 194,1148"/>
                <Baseline points="194,1168 219,1167 244,1166 270,1165 295,1165 320,1165 346,1165 371,1165 396,1165 422,1165 447,1165 472,1165 498,1165 523,1166 548,1166 574,1166"/>
                <TextEquiv>
                    <Unicode>gencia clara y superior, ¿no</Unicode>
                </TextEquiv>
            </TextLine>
            <TextLine id="l_100" custom="readingOrder {index:30;}">
                <Coords points="196,1204 221,1204 246,1204 271,1204 296,1204 322,1203 347,1203 372,1203 397,1203 422,1203 448,1203 473,1203 498,1203 523,1203 548,1203 574,1203 574,1173 548,1173 523,1173 498,1173 473,1173 448,1173 422,1173 397,1173 372,1173 347,1173 322,1173 296,1174 271,1174 246,1174 221,1174 196,1174"/>
                <Baseline points="196,1194 221,1194 246,1194 271,1194 296,1194 322,1193 347,1193 372,1193 397,1193 422,1193 448,1193 473,1193 498,1193 523,1193 548,1193 574,1193"/>
                <TextEquiv>
                    <Unicode>es lógico y fundadísimo supo¬</Unicode>
                </TextEquiv>
            </TextLine>
            <TextLine id="l_101" custom="readingOrder {index:31;}">
                <Coords points="191,1231 216,1231 242,1231 267,1231 293,1231 318,1231 344,1231 369,1231 395,1231 420,1231 446,1231 471,1231 497,1230 522,1230 548,1230 574,1230 574,1200 548,1200 522,1200 497,1200 471,1201 446,1201 420,1201 395,1201 369,1201 344,1201 318,1201 293,1201 267,1201 242,1201 216,1201 191,1201"/>
                <Baseline points="191,1221 216,1221 242,1221 267,1221 293,1221 318,1221 344,1221 369,1221 395,1221 420,1221 446,1221 471,1221 497,1220 522,1220 548,1220 574,1220"/>
                <TextEquiv>
                    <Unicode>ner que sea consejera y cola¬</Unicode>
                </TextEquiv>
            </TextLine>
            <TextLine id="l_102" custom="readingOrder {index:32;} person {offset:17; length:9;wikiData:Q255115;}">
                <Coords points="191,1261 216,1261 242,1261 268,1261 294,1261 320,1261 345,1260 371,1260 397,1260 423,1259 449,1259 474,1259 500,1259 526,1258 552,1258 578,1259 578,1229 552,1228 526,1228 500,1229 474,1229 449,1229 423,1229 397,1230 371,1230 345,1230 320,1231 294,1231 268,1231 242,1231 216,1231 191,1231"/>
                <Baseline points="191,1251 216,1251 242,1251 268,1251 294,1251 320,1251 345,1250 371,1250 397,1250 423,1249 449,1249 474,1249 500,1249 526,1248 552,1248 578,1249"/>
                <TextEquiv>
                    <Unicode>boradora secreta Mrs. Taft de</Unicode>
                </TextEquiv>
            </TextLine>
            <TextLine id="l_103" custom="readingOrder {index:33;}">
                <Coords points="185,1288 210,1288 235,1289 261,1289 286,1289 312,1289 337,1289 363,1288 388,1288 414,1288 439,1287 465,1287 490,1287 516,1287 541,1287 567,1288 567,1258 541,1257 516,1257 490,1257 465,1257 439,1257 414,1258 388,1258 363,1258 337,1259 312,1259 286,1259 261,1259 235,1259 210,1258 185,1258"/>
                <Baseline points="185,1278 210,1278 235,1279 261,1279 286,1279 312,1279 337,1279 363,1278 388,1278 414,1278 439,1277 465,1277 490,1277 516,1277 541,1277 567,1278"/>
                <TextEquiv>
                    <Unicode>su esposo? Creemos que sí</Unicode>
                </TextEquiv>
            </TextLine>
            <TextLine id="l_104" custom="readingOrder {index:34;}">
                <Coords points="189,1318 214,1318 239,1318 265,1318 290,1317 316,1317 341,1317 367,1317 392,1317 418,1317 443,1317 469,1317 494,1316 520,1316 545,1316 571,1315 571,1285 545,1286 520,1286 494,1286 469,1287 443,1287 418,1287 392,1287 367,1287 341,1287 316,1287 290,1287 265,1288 239,1288 214,1288 189,1288"/>
                <Baseline points="189,1308 214,1308 239,1308 265,1308 290,1307 316,1307 341,1307 367,1307 392,1307 418,1307 443,1307 469,1307 494,1306 520,1306 545,1306 571,1305"/>
                <TextEquiv>
                    <Unicode>puesto que, ¿á quién mejor po¬</Unicode>
                </TextEquiv>
            </TextLine>
            <TextLine id="l_105" custom="readingOrder {index:35;}">
                <Coords points="190,1345 215,1345 240,1345 265,1346 290,1346 316,1346 341,1345 366,1345 391,1345 416,1345 442,1344 467,1344 492,1344 517,1344 542,1344 568,1344 568,1314 542,1314 517,1314 492,1314 467,1314 442,1314 416,1315 391,1315 366,1315 341,1315 316,1316 290,1316 265,1316 240,1315 215,1315 190,1315"/>
                <Baseline points="190,1335 215,1335 240,1335 265,1336 290,1336 316,1336 341,1335 366,1335 391,1335 416,1335 442,1334 467,1334 492,1334 517,1334 542,1334 568,1334"/>
                <TextEquiv>
                    <Unicode>dría un hombre consultar sus</Unicode>
                </TextEquiv>
            </TextLine>
            <TextLine id="l_106" custom="readingOrder {index:36;}">
                <Coords points="185,1374 210,1374 236,1374 262,1374 287,1373 313,1373 339,1373 364,1373 390,1373 416,1373 441,1373 467,1373 493,1372 518,1372 544,1372 570,1372 570,1342 544,1342 518,1342 493,1342 467,1343 441,1343 416,1343 390,1343 364,1343 339,1343 313,1343 287,1343 262,1344 236,1344 210,1344 185,1344"/>
                <Baseline points="185,1364 210,1364 236,1364 262,1364 287,1363 313,1363 339,1363 364,1363 390,1363 416,1363 441,1363 467,1363 493,1362 518,1362 544,1362 570,1362"/>
                <TextEquiv>
                    <Unicode>pensamientos y sus proyectos,</Unicode>
                </TextEquiv>
            </TextLine>
            <TextLine id="l_107" custom="readingOrder {index:37;}">
                <Coords points="187,1401 212,1401 238,1402 264,1402 289,1402 315,1402 341,1401 367,1401 392,1400 418,1400 444,1400 470,1399 495,1400 521,1400 547,1401 573,1402 573,1372 547,1371 521,1370 495,1370 470,1369 444,1370 418,1370 392,1370 367,1371 341,1371 315,1372 289,1372 264,1372 238,1372 212,1371 187,1371"/>
                <Baseline points="187,1391 212,1391 238,1392 264,1392 289,1392 315,1392 341,1391 367,1391 392,1390 418,1390 444,1390 470,1389 495,1390 521,1390 547,1391 573,1392"/>
                <TextEquiv>
                    <Unicode>tanto en lo que concierne á la</Unicode>
                </TextEquiv>
            </TextLine>
            <TextLine id="l_108" custom="readingOrder {index:38;}">
                <Coords points="189,1429 214,1429 240,1430 265,1430 291,1430 317,1430 342,1430 368,1430 393,1429 419,1429 445,1429 470,1429 496,1429 521,1429 547,1430 573,1430 573,1400 547,1400 521,1399 496,1399 470,1399 445,1399 419,1399 393,1399 368,1400 342,1400 317,1400 291,1400 265,1400 240,1400 214,1399 189,1399"/>
                <Baseline points="189,1419 214,1419 240,1420 265,1420 291,1420 317,1420 342,1420 368,1420 393,1419 419,1419 445,1419 470,1419 496,1419 521,1419 547,1420 573,1420"/>
                <TextEquiv>
                    <Unicode>vida privada como á la pública,</Unicode>
                </TextEquiv>
            </TextLine>
            <TextLine id="l_109" custom="readingOrder {index:39;}">
                <Coords points="192,1457 217,1457 242,1458 268,1458 293,1458 319,1458 344,1457 369,1457 395,1457 420,1457 446,1457 471,1457 496,1457 522,1457 547,1457 573,1458 573,1428 547,1427 522,1427 496,1427 471,1427 446,1427 420,1427 395,1427 369,1427 344,1427 319,1428 293,1428 268,1428 242,1428 217,1427 192,1427"/>
                <Baseline points="192,1447 217,1447 242,1448 268,1448 293,1448 319,1448 344,1447 369,1447 395,1447 420,1447 446,1447 471,1447 496,1447 522,1447 547,1447 573,1448"/>
                <TextEquiv>
                    <Unicode>sino á su digna, fiel y amada</Unicode>
                </TextEquiv>
            </TextLine>
            <TextLine id="l_110" custom="readingOrder {index:40;}">
                <Coords points="191,1486 216,1486 241,1486 266,1486 291,1486 316,1486 341,1485 366,1485 391,1485 416,1484 441,1484 466,1484 491,1484 516,1484 541,1485 567,1486 567,1456 541,1455 516,1454 491,1454 466,1454 441,1454 416,1454 391,1455 366,1455 341,1455 316,1456 291,1456 266,1456 241,1456 216,1456 191,1456"/>
                <Baseline points="191,1476 216,1476 241,1476 266,1476 291,1476 316,1476 341,1475 366,1475 391,1475 416,1474 441,1474 466,1474 491,1474 516,1474 541,1475 567,1476"/>
                <TextEquiv>
                    <Unicode>compañera que no le va en zaga</Unicode>
                </TextEquiv>
            </TextLine>
            <TextLine id="l_111" custom="readingOrder {index:41;}">
                <Coords points="192,1514 218,1514 245,1514 272,1514 298,1513 325,1513 352,1513 379,1513 405,1513 432,1513 459,1513 485,1513 512,1513 539,1513 566,1514 566,1484 539,1483 512,1483 485,1483 459,1483 432,1483 405,1483 379,1483 352,1483 325,1483 298,1483 272,1484 245,1484 218,1484 192,1484"/>
                <Baseline points="192,1504 218,1504 245,1504 272,1504 298,1503 325,1503 352,1503 379,1503 405,1503 432,1503 459,1503 485,1503 512,1503 539,1503 566,1504"/>
                <TextEquiv>
                    <Unicode>en inteligencia, en instrucción</Unicode>
                </TextEquiv>
            </TextLine>
            <TextLine id="l_112" custom="readingOrder {index:42;}">
                <Coords points="187,1542 212,1542 237,1542 263,1541 288,1541 314,1541 339,1541 364,1541 390,1541 415,1541 441,1541 466,1541 491,1541 517,1541 542,1541 568,1541 568,1511 542,1511 517,1511 491,1511 466,1511 441,1511 415,1511 390,1511 364,1511 339,1511 314,1511 288,1511 263,1511 237,1512 212,1512 187,1512"/>
                <Baseline points="187,1532 212,1532 237,1532 263,1531 288,1531 314,1531 339,1531 364,1531 390,1531 415,1531 441,1531 466,1531 491,1531 517,1531 542,1531 568,1531"/>
                <TextEquiv>
                    <Unicode>y en sagacidad? Es, por consi¬</Unicode>
                </TextEquiv>
            </TextLine>
            <TextLine id="l_113" custom="readingOrder {index:43;}">
                <Coords points="187,1571 212,1571 237,1570 262,1570 287,1570 313,1570 338,1569 363,1569 388,1569 413,1569 439,1569 464,1569 489,1569 514,1569 539,1569 565,1569 565,1539 539,1539 514,1539 489,1539 464,1539 439,1539 413,1539 388,1539 363,1539 338,1539 313,1540 287,1540 262,1540 237,1540 212,1541 187,1541"/>
                <Baseline points="187,1561 212,1561 237,1560 262,1560 287,1560 313,1560 338,1559 363,1559 388,1559 413,1559 439,1559 464,1559 489,1559 514,1559 539,1559 565,1559"/>
                <TextEquiv>
                    <Unicode>guiente, una injusticia mani¬</Unicode>
                </TextEquiv>
            </TextLine>
            <TextLine id="l_46" custom="readingOrder {index:44;} person {offset:84; length:4;wikiData:Q35648;}">
                <Coords points="188,1568 393,1567 548,1567 927,1570 1023,1571 1214,1573 1310,1575 1549,1580 1549,1610 188,1598"/>
                <Baseline points="188,1588 213,1588 239,1588 265,1588 290,1588 316,1588 342,1588 368,1588 393,1587 419,1587 445,1587 471,1587 496,1587 522,1587 548,1587 574,1588 593,1589 640,1589 688,1589 736,1589 784,1590 832,1590 879,1590 927,1590 975,1591 1023,1591 1071,1592 1118,1592 1166,1593 1214,1593 1262,1594 1310,1595 1357,1596 1405,1597 1453,1598 1501,1599 1549,1600"/>
                <TextEquiv>
                    <Unicode>fiesta, que cuando se tributa loores y alabanzas al talento político del Presidente Taft, no se haga</Unicode>
                </TextEquiv>
            </TextLine>
            <TextLine id="l_47" custom="readingOrder {index:45;}">
                <Coords points="190,1626 251,1626 312,1626 373,1626 435,1626 496,1626 557,1626 619,1627 680,1627 741,1627 803,1628 864,1628 925,1629 986,1629 1048,1630 1109,1630 1170,1631 1232,1632 1293,1632 1354,1633 1416,1634 1416,1604 1354,1603 1293,1602 1232,1602 1170,1601 1109,1600 1048,1600 986,1599 925,1599 864,1598 803,1598 741,1597 680,1597 619,1597 557,1596 496,1596 435,1596 373,1596 312,1596 251,1596 190,1596"/>
                <Baseline points="190,1616 251,1616 312,1616 373,1616 435,1616 496,1616 557,1616 619,1617 680,1617 741,1617 803,1618 864,1618 925,1619 986,1619 1048,1620 1109,1620 1170,1621 1232,1622 1293,1622 1354,1623 1416,1624"/>
                <TextEquiv>
                    <Unicode>la mínima mención siquiera de la que, por modo decisivo, influye en todos sus actos y pensares.</Unicode>
                </TextEquiv>
            </TextLine>
            <TextLine id="l_48" custom="readingOrder {index:46;} person {offset:79; length:9;wikiData:Q255115;}">
                <Coords points="245,1654 313,1655 381,1655 450,1655 518,1655 586,1656 655,1656 723,1656 791,1657 860,1657 928,1657 997,1658 1065,1659 1133,1659 1202,1660 1270,1661 1338,1662 1407,1663 1475,1664 1544,1665 1544,1635 1475,1634 1407,1633 1338,1632 1270,1631 1202,1630 1133,1629 1065,1629 997,1628 928,1627 860,1627 791,1627 723,1626 655,1626 586,1626 518,1625 450,1625 381,1625 313,1625 245,1624"/>
                <Baseline points="245,1644 313,1645 381,1645 450,1645 518,1645 586,1646 655,1646 723,1646 791,1647 860,1647 928,1647 997,1648 1065,1649 1133,1649 1202,1650 1270,1651 1338,1652 1407,1653 1475,1654 1544,1655"/>
                <TextEquiv>
                    <Unicode>Hemos tenido la grata y honrosísima oportunidad de conocer y tratar de cerca á Mrs. Taft cuando</Unicode>
                </TextEquiv>
            </TextLine>
            <TextLine id="l_49" custom="readingOrder {index:47;} organization {offset:12; length:23;}">
                <Coords points="180,1683 248,1683 316,1683 384,1683 453,1683 521,1684 589,1684 658,1684 726,1684 794,1685 863,1685 931,1686 999,1686 1067,1687 1136,1688 1204,1688 1272,1689 1341,1690 1409,1691 1477,1692 1546,1693 1546,1663 1477,1662 1409,1661 1341,1660 1272,1659 1204,1658 1136,1658 1067,1657 999,1656 931,1656 863,1655 794,1655 726,1654 658,1654 589,1654 521,1654 453,1653 384,1653 316,1653 248,1653 180,1653"/>
                <Baseline points="180,1673 248,1673 316,1673 384,1673 453,1673 521,1674 589,1674 658,1674 726,1674 794,1675 863,1675 931,1676 999,1676 1067,1677 1136,1678 1204,1678 1272,1679 1341,1680 1409,1681 1477,1682 1546,1683"/>
                <TextEquiv>
                    <Unicode>fundamos la Liga Femenina de la Paz, de la cual ha sido elegida dicha señora, con gran entusiasmo</Unicode>
                </TextEquiv>
            </TextLine>
            <TextLine id="l_50" custom="readingOrder {index:48;}">
                <Coords points="182,1714 250,1713 318,1713 387,1712 455,1712 524,1712 592,1712 660,1713 729,1713 797,1713 866,1714 934,1715 1002,1715 1071,1716 1139,1717 1208,1717 1276,1718 1344,1719 1413,1719 1481,1720 1550,1721 1550,1691 1481,1690 1413,1689 1344,1689 1276,1688 1208,1687 1139,1687 1071,1686 1002,1685 934,1685 866,1684 797,1683 729,1683 660,1683 592,1682 524,1682 455,1682 387,1682 318,1683 250,1683 182,1684"/>
                <Baseline points="182,1704 250,1703 318,1703 387,1702 455,1702 524,1702 592,1702 660,1703 729,1703 797,1703 866,1704 934,1705 1002,1705 1071,1706 1139,1707 1208,1707 1276,1708 1344,1709 1413,1709 1481,1710 1550,1711"/>
                <TextEquiv>
                    <Unicode>y por aclamación, Vice-Presidenta, por un número considerable de damas Americanas y Filipinas que</Unicode>
                </TextEquiv>
            </TextLine>
            <TextLine id="l_51" custom="readingOrder {index:49;} place {offset:49; length:6;wikiData:Q1461;}">
                <Coords points="185,1742 256,1741 328,1741 399,1741 471,1741 542,1741 614,1742 685,1742 757,1742 828,1743 900,1743 971,1744 1043,1744 1114,1745 1186,1745 1257,1746 1329,1747 1400,1747 1472,1748 1544,1749 1544,1719 1472,1718 1400,1717 1329,1717 1257,1716 1186,1715 1114,1715 1043,1714 971,1714 900,1713 828,1713 757,1712 685,1712 614,1712 542,1711 471,1711 399,1711 328,1711 256,1711 185,1712"/>
                <Baseline points="185,1732 256,1731 328,1731 399,1731 471,1731 542,1731 614,1732 685,1732 757,1732 828,1733 900,1733 971,1734 1043,1734 1114,1735 1186,1735 1257,1736 1329,1737 1400,1737 1472,1738 1544,1739"/>
                <TextEquiv>
                    <Unicode>concurrieron en la junta magna que se celebró en Manila para la organización de la institución referida</Unicode>
                </TextEquiv>
            </TextLine>
            <TextLine id="l_52" custom="readingOrder {index:50;}">
                <Coords points="185,1771 256,1770 328,1770 399,1770 471,1770 542,1770 614,1770 685,1770 757,1770 828,1771 900,1771 971,1772 1043,1773 1114,1773 1186,1774 1257,1775 1329,1775 1400,1776 1472,1776 1544,1777 1544,1747 1472,1746 1400,1746 1329,1745 1257,1745 1186,1744 1114,1743 1043,1743 971,1742 900,1741 828,1741 757,1740 685,1740 614,1740 542,1740 471,1740 399,1740 328,1740 256,1740 185,1741"/>
                <Baseline points="185,1761 256,1760 328,1760 399,1760 471,1760 542,1760 614,1760 685,1760 757,1760 828,1761 900,1761 971,1762 1043,1763 1114,1763 1186,1764 1257,1765 1329,1765 1400,1766 1472,1766 1544,1767"/>
                <TextEquiv>
                    <Unicode>que tanto trabajó y tantos beneficios produjo en favor de la pacificación completa y sincera de este</Unicode>
                </TextEquiv>
            </TextLine>
            <TextLine id="l_53" custom="readingOrder {index:51;}">
                <Coords points="183,1798 209,1798 236,1798 262,1799 289,1800 315,1800 342,1799 342,1769 315,1770 289,1770 262,1769 236,1768 209,1768 183,1768"/>
                <Baseline points="183,1788 209,1788 236,1788 262,1789 289,1790 315,1790 342,1789"/>
                <TextEquiv>
                    <Unicode>Archipiélago.</Unicode>
                </TextEquiv>
            </TextLine>
            <TextLine id="l_54" custom="readingOrder {index:52;} person {offset:0; length:9;wikiData:Q255115;}">
                <Coords points="237,1828 302,1828 368,1827 434,1827 499,1827 565,1827 631,1827 696,1828 762,1828 828,1828 894,1828 959,1829 1025,1829 1091,1830 1156,1830 1222,1831 1288,1831 1353,1832 1419,1832 1485,1833 1551,1833 1551,1803 1485,1803 1419,1802 1353,1802 1288,1801 1222,1801 1156,1800 1091,1800 1025,1799 959,1799 894,1798 828,1798 762,1798 696,1798 631,1797 565,1797 499,1797 434,1797 368,1797 302,1798 237,1798"/>
                <Baseline points="237,1818 302,1818 368,1817 434,1817 499,1817 565,1817 631,1817 696,1818 762,1818 828,1818 894,1818 959,1819 1025,1819 1091,1820 1156,1820 1222,1821 1288,1821 1353,1822 1419,1822 1485,1823 1551,1823"/>
                <TextEquiv>
                    <Unicode>Mrs. Taft es la que más influyó positivamente cerca de su egregio esposo, que era entonces Pre¬</Unicode>
                </TextEquiv>
            </TextLine>
            <TextLine id="l_55" custom="readingOrder {index:53;} organization {offset:14; length:14;} organization {offset:58; length:13;}">
                <Coords points="183,1855 251,1856 319,1856 387,1856 455,1856 524,1856 592,1856 660,1856 728,1856 796,1856 865,1856 933,1857 1001,1857 1069,1857 1137,1857 1206,1858 1274,1859 1342,1860 1410,1861 1478,1862 1547,1863 1547,1833 1478,1832 1410,1831 1342,1830 1274,1829 1206,1828 1137,1827 1069,1827 1001,1827 933,1827 865,1826 796,1826 728,1826 660,1826 592,1826 524,1826 455,1826 387,1826 319,1826 251,1826 183,1825"/>
                <Baseline points="183,1845 251,1846 319,1846 387,1846 455,1846 524,1846 592,1846 660,1846 728,1846 796,1846 865,1846 933,1847 1001,1847 1069,1847 1137,1847 1206,1848 1274,1849 1342,1850 1410,1851 1478,1852 1547,1853"/>
                <TextEquiv>
                    <Unicode>sidente de la Comisión Civil, para que los trabajos de la Liga Femenina dieran los frutos alta¬</Unicode>
                </TextEquiv>
            </TextLine>
            <TextLine id="l_56" custom="readingOrder {index:54;} person {offset:38; length:9;wikiData:Q255115;}">
                <Coords points="183,1885 251,1885 319,1886 387,1886 455,1886 524,1886 592,1886 660,1886 728,1886 796,1886 865,1886 933,1886 1001,1886 1069,1886 1137,1886 1206,1887 1274,1887 1342,1888 1410,1888 1478,1890 1547,1891 1547,1861 1478,1860 1410,1858 1342,1858 1274,1857 1206,1857 1137,1856 1069,1856 1001,1856 933,1856 865,1856 796,1856 728,1856 660,1856 592,1856 524,1856 455,1856 387,1856 319,1856 251,1855 183,1855"/>
                <Baseline points="183,1875 251,1875 319,1876 387,1876 455,1876 524,1876 592,1876 660,1876 728,1876 796,1876 865,1876 933,1876 1001,1876 1069,1876 1137,1876 1206,1877 1274,1877 1342,1878 1410,1878 1478,1880 1547,1881"/>
                <TextEquiv>
                    <Unicode>mente beneficiosos que se obtuvieron. Mrs. Taft, amante esposa y cariñosísima madre, condoliéndose</Unicode>
                </TextEquiv>
            </TextLine>
            <TextLine id="l_57" custom="readingOrder {index:55;}">
                <Coords points="185,1913 253,1914 321,1914 389,1914 457,1914 526,1914 594,1914 662,1914 730,1914 798,1914 867,1914 935,1914 1003,1914 1071,1914 1139,1915 1208,1915 1276,1916 1344,1917 1412,1918 1480,1918 1549,1920 1549,1890 1480,1888 1412,1888 1344,1887 1276,1886 1208,1885 1139,1885 1071,1884 1003,1884 935,1884 867,1884 798,1884 730,1884 662,1884 594,1884 526,1884 457,1884 389,1884 321,1884 253,1884 185,1883"/>
                <Baseline points="185,1903 253,1904 321,1904 389,1904 457,1904 526,1904 594,1904 662,1904 730,1904 798,1904 867,1904 935,1904 1003,1904 1071,1904 1139,1905 1208,1905 1276,1906 1344,1907 1412,1908 1480,1908 1549,1910"/>
                <TextEquiv>
                    <Unicode>hondamente de las congojas mortales y sufrimientos inauditos de las esposas y madres filipinas, logró</Unicode>
                </TextEquiv>
            </TextLine>
            <TextLine id="l_58" custom="readingOrder {index:56;}">
                <Coords points="183,1942 251,1942 320,1942 388,1942 457,1942 526,1942 594,1942 663,1942 731,1942 800,1942 869,1942 937,1942 1006,1942 1074,1943 1143,1943 1212,1943 1280,1944 1349,1945 1417,1945 1486,1947 1555,1948 1555,1918 1486,1917 1417,1915 1349,1915 1280,1914 1212,1913 1143,1913 1074,1913 1006,1912 937,1912 869,1912 800,1912 731,1912 663,1912 594,1912 526,1912 457,1912 388,1912 320,1912 251,1912 183,1912"/>
                <Baseline points="183,1932 251,1932 320,1932 388,1932 457,1932 526,1932 594,1932 663,1932 731,1932 800,1932 869,1932 937,1932 1006,1932 1074,1933 1143,1933 1212,1933 1280,1934 1349,1935 1417,1935 1486,1937 1555,1938"/>
                <TextEquiv>
                    <Unicode>que el poder ejecutivo concediera la libertad á muchos miles de revolucionarios filipinos que se</Unicode>
                </TextEquiv>
            </TextLine>
            <TextLine id="l_59" custom="readingOrder {index:57;} place {offset:27; length:6;wikiData:Q1461;}">
                <Coords points="177,1939 1078,1941 1205,1942 1416,1944 1500,1945 1543,1946 1543,1976 355,1973 279,1972 228,1971 202,1970 177,1969"/>
                <Baseline points="177,1959 202,1960 228,1961 253,1961 279,1962 304,1962 330,1962 355,1963 381,1963 406,1963 432,1963 457,1963 483,1963 508,1963 534,1963 559,1963 585,1963 610,1963 636,1963 661,1963 687,1963 699,1962 741,1961 783,1961 825,1961 867,1961 910,1961 952,1961 994,1961 1036,1961 1078,1961 1121,1962 1163,1962 1205,1962 1247,1963 1289,1963 1332,1964 1374,1964 1416,1964 1458,1965 1500,1965 1543,1966"/>
                <TextEquiv>
                    <Unicode>encontraban prisioneros en Manila, y esta magnanimidad oportunamente ejercida apagó el enarde¬</Unicode>
                </TextEquiv>
            </TextLine>
            <TextLine id="l_60" custom="readingOrder {index:58;}">
                <Coords points="179,1999 247,2000 316,2001 384,2001 453,2001 521,2001 590,2001 658,2001 727,2001 795,2000 864,2000 932,2000 1001,2000 1069,2000 1138,2000 1206,2000 1275,2001 1343,2002 1412,2003 1480,2004 1549,2006 1549,1976 1480,1974 1412,1973 1343,1972 1275,1971 1206,1970 1138,1970 1069,1970 1001,1970 932,1970 864,1970 795,1970 727,1971 658,1971 590,1971 521,1971 453,1971 384,1971 316,1971 247,1970 179,1969"/>
                <Baseline points="179,1989 247,1990 316,1991 384,1991 453,1991 521,1991 590,1991 658,1991 727,1991 795,1990 864,1990 932,1990 1001,1990 1069,1990 1138,1990 1206,1990 1275,1991 1343,1992 1412,1993 1480,1994 1549,1996"/>
                <TextEquiv>
                    <Unicode>cimiento de los ánimos y fué la más sólida base de una pacificación síncera que no logró realizarla</Unicode>
                </TextEquiv>
            </TextLine>
            <TextLine id="l_61" custom="readingOrder {index:59;}">
                <Coords points="177,2028 203,2029 229,2029 255,2030 282,2030 308,2030 334,2031 361,2031 387,2031 413,2031 440,2031 466,2031 492,2031 518,2030 545,2030 571,2030 597,2030 624,2030 650,2030 676,2030 703,2030 703,2000 676,2000 650,2000 624,2000 597,2000 571,2000 545,2000 518,2000 492,2001 466,2001 440,2001 413,2001 387,2001 361,2001 334,2001 308,2000 282,2000 255,2000 229,1999 203,1999 177,1998"/>
                <Baseline points="177,2018 203,2019 229,2019 255,2020 282,2020 308,2020 334,2021 361,2021 387,2021 413,2021 440,2021 466,2021 492,2021 518,2020 545,2020 571,2020 597,2020 624,2020 650,2020 676,2020 703,2020"/>
                <TextEquiv>
                    <Unicode>las máquinas de guerra más mortíferas.</Unicode>
                </TextEquiv>
            </TextLine>
            <TextLine id="l_62" custom="readingOrder {index:60;} organization {offset:31; length:23;}">
                <Coords points="243,2060 308,2060 374,2060 439,2060 505,2059 571,2059 636,2059 702,2058 768,2058 833,2058 899,2057 965,2057 1030,2057 1096,2057 1162,2057 1227,2057 1293,2057 1359,2058 1424,2059 1490,2060 1556,2061 1556,2031 1490,2030 1424,2029 1359,2028 1293,2027 1227,2027 1162,2027 1096,2027 1030,2027 965,2027 899,2027 833,2028 768,2028 702,2028 636,2029 571,2029 505,2029 439,2030 374,2030 308,2030 243,2030"/>
                <Baseline points="243,2050 308,2050 374,2050 439,2050 505,2049 571,2049 636,2049 702,2048 768,2048 833,2048 899,2047 965,2047 1030,2047 1096,2047 1162,2047 1227,2047 1293,2047 1359,2048 1424,2049 1490,2050 1556,2051"/>
                <TextEquiv>
                    <Unicode>En un banquete ofrecido por la LIGA FEMENINA DE LA PAZ á su respetabilísima y virtuosa Vice</Unicode>
                </TextEquiv>
            </TextLine>
            <TextLine id="l_63" custom="readingOrder {index:61;}">
                <Coords points="177,2086 245,2087 314,2088 383,2088 452,2088 521,2088 590,2088 659,2088 728,2087 797,2087 866,2086 934,2086 1003,2086 1072,2085 1141,2085 1210,2086 1279,2086 1348,2087 1417,2088 1486,2090 1555,2092 1555,2062 1486,2060 1417,2058 1348,2057 1279,2056 1210,2056 1141,2055 1072,2055 1003,2056 934,2056 866,2056 797,2057 728,2057 659,2058 590,2058 521,2058 452,2058 383,2058 314,2058 245,2057 177,2056"/>
                <Baseline points="177,2076 245,2077 314,2078 383,2078 452,2078 521,2078 590,2078 659,2078 728,2077 797,2077 866,2076 934,2076 1003,2076 1072,2075 1141,2075 1210,2076 1279,2076 1348,2077 1417,2078 1486,2080 1555,2082"/>
                <TextEquiv>
                    <Unicode>Presidenta y en la que concurrieron ésta y otras muchas aristocráticas Damas y numerosos distin¬</Unicode>
                </TextEquiv>
            </TextLine>
            <TextLine id="l_64" custom="readingOrder {index:62;} person {offset:55; length:20;wikiData:Q4796475;}">
                <Coords points="181,2116 249,2117 318,2117 387,2118 455,2117 524,2117 593,2117 661,2116 730,2116 799,2115 868,2114 936,2114 1005,2113 1074,2113 1142,2113 1211,2114 1280,2114 1348,2115 1417,2117 1486,2118 1555,2121 1555,2091 1486,2088 1417,2087 1348,2085 1280,2084 1211,2084 1142,2083 1074,2083 1005,2083 936,2084 868,2084 799,2085 730,2086 661,2086 593,2087 524,2087 455,2087 387,2088 318,2087 249,2087 181,2086"/>
                <Baseline points="181,2106 249,2107 318,2107 387,2108 455,2107 524,2107 593,2107 661,2106 730,2106 799,2105 868,2104 936,2104 1005,2103 1074,2103 1142,2103 1211,2104 1280,2104 1348,2105 1417,2107 1486,2108 1555,2111"/>
                <TextEquiv>
                    <Unicode>guidos caballeros, entre ellos el eminente abogado Sr. Arsenio Cruz Herrera, nuestra Directora que</Unicode>
                </TextEquiv>
            </TextLine>
            <TextLine id="l_65" custom="readingOrder {index:63;}">
                <Coords points="177,2144 245,2145 314,2145 383,2146 452,2146 521,2146 589,2145 658,2145 727,2144 796,2144 865,2143 933,2143 1002,2143 1071,2142 1140,2143 1209,2143 1277,2143 1346,2144 1415,2146 1484,2148 1553,2150 1553,2120 1484,2118 1415,2116 1346,2114 1277,2113 1209,2113 1140,2113 1071,2112 1002,2113 933,2113 865,2113 796,2114 727,2114 658,2115 589,2115 521,2116 452,2116 383,2116 314,2115 245,2115 177,2114"/>
                <Baseline points="177,2134 245,2135 314,2135 383,2136 452,2136 521,2136 589,2135 658,2135 727,2134 796,2134 865,2133 933,2133 1002,2133 1071,2132 1140,2133 1209,2133 1277,2133 1346,2134 1415,2136 1484,2138 1553,2140"/>
                <TextEquiv>
                    <Unicode>era la Presidenta de dicha Liga, fundándose en los excepcionales dotes de talento, ilustración, perspi¬</Unicode>
                </TextEquiv>
            </TextLine>
            <TextLine id="l_66" custom="readingOrder {index:64;} person {offset:46; length:9;wikiData:Q255115;}">
                <Coords points="179,2172 247,2174 315,2174 384,2175 452,2175 521,2175 589,2175 657,2174 726,2174 794,2173 863,2173 931,2172 999,2172 1068,2172 1136,2172 1205,2172 1273,2172 1341,2173 1410,2175 1478,2176 1547,2179 1547,2149 1478,2146 1410,2145 1341,2143 1273,2142 1205,2142 1136,2142 1068,2142 999,2142 931,2142 863,2143 794,2143 726,2144 657,2144 589,2145 521,2145 452,2145 384,2145 315,2144 247,2144 179,2142"/>
                <Baseline points="179,2162 247,2164 315,2164 384,2165 452,2165 521,2165 589,2165 657,2164 726,2164 794,2163 863,2163 931,2162 999,2162 1068,2162 1136,2162 1205,2162 1273,2162 1341,2163 1410,2165 1478,2166 1547,2169"/>
                <TextEquiv>
                    <Unicode>cacia y bellísimos sentimientos encarnados en Mrs. Taft, predijo en su discurso, con toda seguridad,</Unicode>
                </TextEquiv>
            </TextLine>
            <TextLine id="l_67" custom="readingOrder {index:65;} person {offset:18; length:4;wikiData:Q35648;} place {offset:81; length:14;wikiData:Q30;}">
                <Coords points="177,2202 246,2203 315,2204 384,2204 453,2205 522,2204 591,2204 660,2203 729,2203 798,2202 868,2202 937,2201 1006,2201 1075,2200 1144,2200 1213,2200 1282,2201 1351,2202 1420,2203 1489,2206 1559,2208 1559,2178 1489,2176 1420,2173 1351,2172 1282,2171 1213,2170 1144,2170 1075,2170 1006,2171 937,2171 868,2172 798,2172 729,2173 660,2173 591,2174 522,2174 453,2175 384,2174 315,2174 246,2173 177,2172"/>
                <Baseline points="177,2192 246,2193 315,2194 384,2194 453,2195 522,2194 591,2194 660,2193 729,2193 798,2192 868,2192 937,2191 1006,2191 1075,2190 1144,2190 1213,2190 1282,2191 1351,2192 1420,2193 1489,2196 1559,2198"/>
                <TextEquiv>
                    <Unicode>que Mr. William H Taft llegará en breve tiempo á ser el primer Magistrado de los Estados Unidos</Unicode>
                </TextEquiv>
            </TextLine>
            <TextLine id="l_68" custom="readingOrder {index:66;}">
                <Coords points="180,2231 228,2233 276,2233 324,2234 372,2234 421,2235 469,2235 517,2234 565,2234 613,2234 662,2233 710,2233 758,2232 806,2231 854,2231 903,2231 951,2230 999,2230 1047,2230 1095,2231 1144,2231 1144,2201 1095,2201 1047,2200 999,2200 951,2200 903,2201 854,2201 806,2201 758,2202 710,2203 662,2203 613,2204 565,2204 517,2204 469,2205 421,2205 372,2204 324,2204 276,2203 228,2203 180,2201"/>
                <Baseline points="180,2221 228,2223 276,2223 324,2224 372,2224 421,2225 469,2225 517,2224 565,2224 613,2224 662,2223 710,2223 758,2222 806,2221 854,2221 903,2221 951,2220 999,2220 1047,2220 1095,2221 1144,2221"/>
                <TextEquiv>
                    <Unicode>de América, y el cumplimiento de aquel augurio feliz es hoy un hecho.</Unicode>
                </TextEquiv>
            </TextLine>
            <TextEquiv>
                <Unicode></Unicode>
            </TextEquiv>
        </TextRegion>
    </Page>
</PcGts>
