1802 2741
354 213 412 247 14
754 257 1254 297 LA REINA DE ESPAÑA.
329 302 576 337 VICTORIA EUGE.
302 339 568 372 NIA EVA DE BAT.
300 373 570 407 TENBERG, esposa de
303 411 570 442 Alfonso XIII, rey de
298 445 559 478 España, hija del prín-
293 481 555 512 cipe Enrique Batten
298 515 558 547 berg y de la Princesa
296 551 562 582 Beatriz, hija menor
291 585 556 618 de la reina Victoria I
292 621 558 653 de luglaterra y del
289 656 560 688 Príncipe Alberto de
287 690 558 723 Sajonia - Coburgo, Go,
287 725 555 758 tha y por tanto her-
292 761 554 792 mana de Eduardo
288 795 556 827 VII, nació en el cas-
291 829 553 862 tillo de Balmoral el
292 865 555 898 24 de Octubre de
290 900 554 932 1887 y fué una de sus
282 936 552 968 madrinas la empera-
279 971 554 1002 triz Eugenia, viuda
288 1006 550 1036 de Napoleón III, em-
280 1041 546 1074 perador de los fran-
281 1076 340 1107 ceses.
304 1111 550 1143 Por su matrimo-
283 1146 549 1178 nio con Alfonso XIII
274 1181 541 1212 la reina Vicioria
284 1217 537 1248 pierde sus derechos—
276 1251 546 1285 bien  remotos  por
273 1287 539 1320 cierto—á la sucesión
270 1321 540 1355 al Trono de la Gran
270 1357 540 1391 Bretaña. El Act of
267 1392 540 1424 Settlement de 1.700,
264 1428 538 1460 porvirtuddel cual ciñe
267 1462 533 1496 la corona de aquel
266 1492 542 1524 pais la actual casa
266 1519 526 1552 reinante de Inglater-
263 1548 529 1580 ra, dispone expresa-
258 1575 534 1608 mente que cualquier
257 1604 537 1638 miembro de esta que
257 1633 535 1665 se una en matrimo-
254 1661 540 1694 uio á una persona que
261 1690 529 1722 profese la religión Ca-
253 1718 530 1751 tólica Apostólica Ro-
257 1747 531 1780 mana cesará por com-
250 1776 530 1808 pleto, desde ese acto,
255 1812 1639 1857 en el disfrute de todos sus derechos á la sucesión al cetro Británico. Esta es la única prohibición
248 1841 1637 1885 que en sentido religioso determina aquella disposición que permite en cambio las alianzas matrimo-
253 1868 1641 1915 niales de indivíduos de la familia real inglesa con príncipes ó princesas que profesan el rito griego,
250 1898 1023 1934 y hasta con judios, musulmanes, budhistas y mormones.
301 1926 1633 1970 Pero aunque la reina actual de España haya perdido sus derechos de sucesión á la corona in-
238 1956 1635 1999 glesa, couserva todo su rango de princesa de la Gran Bretaña, y además, se le asigna, por un
241 1984 1635 2028 real decreto del monarca español, una dotación anual de 450.000 pesetas (P170,000 próximamente)
237 2013 1629 2056 mientras subsista su matrimonio con Alfonso XIII, y si sobrevive á éste, percibirá del presupuesto
241 2042 1072 2076 general del Estado la asignación anual de -P-1250.000 pesetas.
291 2071 1635 2114 La reina de España es la única soberana de los autiguos y modernos tiempos que se llame
229 2099 1641 2144 Eva; nombre que al nacer se le dió juntamente con el de Eugenia, del que deriva la abreviación. Enaa
226 2129 898 2163 con que generalmente es conocida en su pais.
