1768 2720
331 182 1413 357 FILIPINAS
149 379 1615 419 SEMANARIO ILUSTRADO: DE CIENCIAS, LITERATURA, BELLAS ARTES, MEDICINAS
260 420 1497 460 CASERAS, HIGIENE Y CONOCIMIENTOS ÚTILES EN LA VIDA PRÁCTICA.
526 461 1235 496 Dedicado exclusivamente a la mujer
134 502 1608 540 La mujer sabia edifica de la nada su casa; mas la mujer insensata lejos de
319 542 1437 580 edificar una casa que no existe, destruye con sus manos la
588 585 1166 619 que existe ya. (Prov. XVIII.)
495 628 1252 663 SALE Á LUZ LOS DÍAS 8, 15, 22 Y FIN DE CADA MES.
209 707 326 741 Año I.
512 708 892 742 Manila, I. F., Viérnes,
920 709 1254 745 30 de Abril de 1909.
1420 711 1569 746 Núm. 4.
216 852 561 886 LA EDUCACION
458 905 768 938 DE LA MUJER
131 999 841 1040 En la empresa nobilísima de educar al pue¬
137 1037 842 1072 blo, se destaca en primer término la educación
139 1071 839 1106 de la mujer, modificando esencialmente su modo
142 1102 621 1138 de ser en la esfera de lo moral.
177 1139 841 1172 Las leyes—dice un sabio escritor—que
142 1171 839 1205 siempre se ocupan en las cosas y casi
145 1204 841 1239 nunca en las personas, porque su
139 1237 840 1271 objeto es la paz, no la virtud, no otor¬
148 1270 838 1305 gan la suficiente autoridad a las
142 1302 839 1338 madres, aunque sea su estado mas
137 1336 833 1371 cierto que el de los padres, nas peno¬
139 1370 837 1404 sas sus obligaciones, mas importan¬
131 1402 843 1437 tes sus afanes para el buen orden de
131 1436 845 1471 las familias, y en general mayor el
136 1469 676 1503 carino que a sus hijos tienen.
169 1503 837 1536 La mujer redimida por el cristianismo, arran¬
134 1535 833 1570 cada por la caridad y la civilización de la
131 1566 838 1602 abyección en que la tenía sumida el bárbaro pa¬
131 1602 841 1635 ganismo de las viejas sociedades, no ha llegado
135 1634 844 1669 todavía, sin embargo, á ocupar el puesto que
133 1667 834 1701 de derecho le corresponde en el concierto hu¬
131 1701 838 1735 mano, dada la capital influencia que ejerce en
136 1733 838 1768 la familia, eje sobre el cual giran todos los or¬
127 1766 834 1800 ganismos sociales y base de lo moral y de las
129 1799 830 1833 costumbres en todos los tiempos y muy particu¬
123 1833 472 1867 larmente en los actuales.
165 1865 834 1899 Siendo la mujer la que debe educar á sus hi¬
123 1899 823 1932 jos, urge la necesidad de educar antes á la mu¬
119 1930 823 1964 jer de manera distinta á como hoy se le educa,
125 1964 828 1997 para ponerle en condiciones ventajosas de llenar
123 1997 746 2031 con provecho tan augusta y santa misión.
109 2025 828 2064 La educación superficial y en ocasiones hasta
127 2061 819 2097 peligrosa que, por punto general, recibe la mu¬
119 2093 827 2129 jer en estos tiempos, ne solo no la permite
117 2125 825 2162 educar á sus hijos del modo y forma que de¬
121 2158 827 2195 ben ser educados, para que sean en lo futuro
123 2191 823 2228 ciudadanos dignos de un pueblo libre y hon¬
119 2224 827 2261 rado, sino que ni siquiera las deja estas para
111 2257 831 2293 llenar medianamente los respetables deberes de
119 2293 260 2326 la esposa.
151 2322 823 2358 Si ese delicado sér que todo en él es senti¬
115 2356 827 2391 miento, ha logrado llamar la atención de los
113 2388 827 2423 hombres más eminentes de todas las naciones,
300 2424 636 2460 Continúa en la página 28.
947 854 1234 888 LA POESIA
1171 908 1531 942 DE LA MUJER
932 1009 1596 1043 Mi convicción rechaza la idea, generalmente
891 1043 1598 1075 admitida, de que las mujeres que se distinguen
891 1076 1411 1108 ó elevan de lo vulgar son románticas.
923 1108 1600 1140 Hay demasiada predisposición para confundir¬
898 1141 1596 1173 los sentimientos poéticos con los románticos, lo
897 1174 1602 1206 cual no se explica: los primeros son en el
898 1207 1592 1239 hogar, lo que la música y el incienso en el
898 1239 1596 1271 templo; imprimen á los actos de la vida atrac-
891 1272 1599 1305 tivo dulce y espiritual; son el encanto de la
891 1305 1595 1337 existencia feliz; mientras los segundos producen
889 1338 1599 1370 casi siempre perturbación de ideas, capaz de
888 1371 1318 1403 conducir á funestos extravíos.
921 1404 1589 1436 Hay excepciones seguramente, pero raras, en
893 1436 1595 1469 que la pasión exaltada, inspirada en la fé, eleva
887 1469 1585 1501 al corazón á lo infinito, mostrándole el deber,
883 1501 1592 1534 los grandes sacrificios, el olvido completo de sí
886 1534 1594 1567 mismo; haciéndole sentir el bien y rechazar el.
894 1566 1582 1600 mal; creando ese estado que las acciones subli¬
894 1600 1590 1633 man, y de que nacen las únicas alegrías que po¬
893 1633 1226 1666 demos gozar en la tierra.
919 1664 1591 1698 Sainte Foix ha dicho que, "el corazón de la
887 1698 1598 1732 mujer es un abismo de amor"'... ¡Oh, síl, él acoge¬
887 1731 1590 1765 lo grande para perpetuarlo y lo pequeño para
887 1764 1600 1798 ennoblecerlo. Fácilmente se inclina á lo que es
889 1797 1168 1830 digno de ser amado.
918 1830 1595 1862 La mujer tiene siempre una sonrisa para las
883 1863 1592 1896 alegrías, una lágrima para el dolor, un consuelo
881 1895 1588 1928 en las adversidades, una excusa para las faltas;
883 1927 1591 1961 templa el infortnnio y abre espacios ilimitados á
881 1961 1059 1994 la esperanza.
920 1993 1598 2027 Tal opinan de la compañera del hombre los
880 2029 1590 2060 grandes pensadores, los que con fino escalpelo
882 2059 1590 2093 saben penetrar en el corazón humano, los que
884 2091 1592 2127 descifran los misterios que encierra el corazón de
875 2126 1016 2159 la mujer.
912 2157 1585 2196 Según Chateaubriand, "la mujer esparce en
880 2190 1597 2226 derredor del hombre las flores de la vida, como¬
881 2224 1592 2259 esas plantas de los bosques que se enlazan al
875 2257 1597 2294 tronco de las encinas, embelleciéndolas con sus
872 2292 1209 2328 guirnaldas perfumadas"
908 2324 1598 2361 Por la misma razón de que la mujer es tan
878 2354 1598 2396 necesaria á la vida del hombre, á su bienestar,.
871 2390 1605 2429 á su, condición moral, la menor de sus accio¬
1061 2428 1418 2464 Continúa en la página 39.
