1867 2727
334 188 384 218 28
917 176 1121 211 "FILIPINAS”
275 348 944 389 Consejos á las madres
417 489 853 523 LA PRIMERA EDUCACIÓN
317 565 989 598 La educación debe comenzar desde que el niño
285 599 987 632 nace. Todos los sábios, todos los hombres ex¬
284 632 994 664 perimentados, todos los maestros de moral,
283 663 992 698 hasta los paganos, así lo han proclamado: el
277 699 994 731 día en que el niño abre por primera vez sus
280 731 987 764 primeros gemidos, se les imponen á cuantos
281 764 986 796 le rodean, una série de deberes concernientes
284 797 496 830 á su educación.
317 830 989 863 La educación de estos primeros tiempos, es el
283 863 990 896 fondo, es la base de todo lo que más adelante
279 896 984 929 recibirá desarrollo en una educación más am
281 930 991 962 pliada y que ha de tener aplicación durante
277 962 983 996 todo el curso de la vida, En cualquier nego
290 995 981 1030 cio ó empresa, el todo depende del principio
287 1029 986 1061 es una verdad trivial á fuerza de ser verda
279 1062 983 1095 dera; pero, sobre todo, tratándose de educa
285 1094 990 1131 ción, es preciso tener esmeradísimo cuidado y
286 1127 992 1162 atenerse a los mejores y más sólidos principios,
286 1161 992 1194 sentarlos fijamente desde luego, y seguirlos des¬
286 1194 988 1227 pués con perseverancia. Oíd como se expresa
288 1225 992 1261 Platón, el célebre filósofo de la antiguedad:
303 1258 988 1293 "En cualquier asunto, el principal quehacer está
290 1292 987 1326 en el comenzar, mayormente, tratándose de séres
288 1324 990 1359 niños y tiernos, porque entonces es cuando se
290 1358 991 1393 modelan y reciben el sello que se les quiere
280 1388 442 1422 imprimir.”
317 1425 990 1458 Hay padres completamente ignorantes de su
284 1457 989 1492 obligación respecto á la primera educación de
281 1490 994 1526 sus hijos, y sobre todo, tan imprudentes en
286 1523 994 1558 la selección de los que cuidan á los niños, que
288 1556 990 1591 es inútil insistir sobre eete punto, y para ello
282 1587 996 1624 vitaremos lo que decía sobre el particular
283 1620 990 1657 Plutarco: "Hay que poner todo esmero y
286 1656 993 1690 atención en escojer nodrizas que se encarguen
286 1689 993 1722 de la primera educación. Efectivamente, si es
280 1721 994 1756 necesario modelar los miembros de los niños,
281 1754 991 1789 en cuanto vienen á este mundo, para que no
281 1788 994 1821 contraigan una deformidad física, nunca será
282 1821 989 1858 demasiado pronto para formar su carácter y
278 1848 516 1887 sus costumbres"'
315 1889 999 1921 Deben, por consiguiente, los padres de un
282 1922 1001 1954 niño, especialmente la madre, fijar mucho su
270 1955 1001 1988 atención en los criados y demás personas que
278 1989 1002 2020 rodean al niño, porque lo que éste aprende
278 2022 1002 2056 cuando empieza á hablar y á tener conciencia
273 2055 995 2090 del mundo exterior, puede grabarse profunda¬
268 2090 560 2124 mente en su ánimo.
751 2127 966 2160 KINDERGARTEN.
302 2202 1002 2239 Estracto de leche, harina de trigo y azúcar.
262 2243 1000 2282 Estos elementos purísimos integran la Ha¬
261 2285 807 2325 rina Lacteada Nestle.
262 2359 1002 2398 Gastronomos, ¿quereís comer cosas riquísi¬
265 2395 1010 2435 mas? Probad los renombrados bizcochos de LA FOR!
257 2432 819 2472 TUNA que expende LA ESPERANZA.,
1171 352 1613 387 Medicina e Higiene
1091 476 1698 510 ENFERMEDADES DE LOS DIENTES
1069 516 1746 551 El trabajo de la dentición ocasiona frecuen¬
1039 549 1749 584 temente trastornos en la salud de los niños,
1041 581 1757 617 que pueden hallarse afectados de diarreas, de
1042 614 1752 651 vómitos, convulsiones, erupciones en la piel ó
1037 646 1752 686 fuego de la denticion. ó bien no duer¬
1031 686 1540 717 men, lloran y suelen enflaquecer.
1072 713 1749 752 TRATAMIENTO, —Se moderará la diarrea, ad¬
1033 747 1750 784 ministrando el agua de arroz, de cebada, el
1043 782 1755 817 agua de panada con azucar ó jarabe de goma,
1043 813 1749 851 y se aplicará mañana y tarde, un cuarto de
1037 849 1746 883 enema de agua de arroz ó de cebada perlada.
1073 880 1746 916 Se dará un baño templado de 15 ó 20 mi¬
1039 915 1746 950 nutos diariamente, ó cada dos días, para cal
1044 951 1488 983 mar las erupciones de la piel
1069 981 1757 1016 Se friccionarán suavemente las encías con
1042 1015 1748 1049 la yema del dedo cubierta de miel; se intro¬
1035 1047 1750 1082 ducirá en la boca de los niños un trocito de
1044 1083 1748 1116 raiz de malvavisco, untada también en miel,
1037 1116 1716 1149 ó bien un trocito de orozuz ó palo dulce.
1073 1148 1760 1182 Los adultos cuidarán de tener sus dientes
1044 1181 1747 1217 limpios para evitar las caries; todas las ma¬
1041 1215 1752 1249 ñanas se enjuacarán la boca con agua templada
1038 1249 1749 1282 y algunas de agua de Colonia ó aguardiente;
1041 1281 1748 1316 se frotarán con suavidad los dientes por me dio
1043 1316 1753 1349 de un cepillo suave ó una esponja pequeña.
1041 1347 1743 1382 la punta de una servilleta y carbón en polvo
1041 1381 1742 1415 muy menudo. No emplearán cuchillos, ni corta¬
1042 1413 1749 1449 plumas ú objetos de hierro para quitar el sarro
1044 1447 1750 1482 ó tártaro que se forma alrededor de los dientes.
1043 1479 1740 1515 Los mondadientes de pluma son los mejores.
1072 1514 1748 1548 TRATAMIENTO.--Si los dientes están cariados
1043 1547 1749 1581 hay que emplomarles ó extraerles cuando pro¬
1043 1579 1756 1614 ducen dolores fuertes y frecuentes; la presencia
1041 1612 1758 1648 de un diente cariado es causa del mal olor de
1048 1646 1757 1682 boca, y puede ocasionar fluxiones, abcesos de
1042 1680 1174 1710 las encías
1078 1712 1762 1747 Los DOLORES DE MUELAS se mitigarán intro¬
1043 1745 1758 1781 duciendo en la parte cariada una bolita de al¬
1045 1779 1759 1815 godon empapada en láudano, y otra en el oido
1048 1809 1310 1843 del lado enfermo.
1074 1841 1756 1880 Si el dolor es nervioso, es decir, si no existe
1048 1874 1754 1913 caries, se enjuagará la boca con el cocimiento
1049 1908 1764 1945 de cabeza de adormidera; se darán pediluvios
1045 1942 1752 1979 sinapizados y se cubrirá el carrillo correspon¬
1045 1976 1493 2014 diente con un trozo de algodon.
1189 2044 1618 2079 La Educación de la Mujer
1057 2106 1762 2144 para concederle como es justo, parte en la
1051 2138 1755 2176 dirección de los pueblos, en ciertos, deter mina¬
1055 2172 1768 2208 dos y adecuados servicios de la economía ad¬
1056 2205 1766 2241 ministrativa es por dos causas. La primera por
1053 2238 1766 2274 la justicia, y la segunda porque en la mujer se
1049 2270 1768 2307 encuentran condiciones que para ciertos servicios
1046 2303 1339 2337 no tiene, el hombre.
1090 2337 1762 2372 En el curso de la série de artículos que va¬
1055 2370 1772 2404 mos á publicar respecto á este trascendental
1049 2402 1764 2438 asunto trataremos de él con el detenimiento que
1050 2435 1155 2470 merece.
