<?xml version="1.0" encoding="UTF-8" standalone="yes"?>
<PcGts xmlns="http://schema.primaresearch.org/PAGE/gts/pagecontent/2013-07-15" xmlns:xsi="http://www.w3.org/2001/XMLSchema-instance" xsi:schemaLocation="http://schema.primaresearch.org/PAGE/gts/pagecontent/2013-07-15 http://schema.primaresearch.org/PAGE/gts/pagecontent/2013-07-15/pagecontent.xsd">
    <Metadata>
        <Creator>prov=University of Rostock/Institute of Mathematics/CITlab|PLANET AI GmbH/Gundram Leifert/gundram.leifert@planet-ai.de:name=Philippine newspapers(htr_id=33524)::::v=2.6.7
prov=University of Rostock/Institute of Mathematics/CITlab|PLANET AI GmbH/Tobias Gruening/tobias.gruening@planet-ai.de:name=de.uros.citlab.module.baseline2polygon.B2PSeamMultiOriented:v=2.6.7
prov=University of Rostock/Institute of Mathematics/CITlab|PLANET AI GmbH/Tobias Gruening/tobias.gruening@planet-ai.de:name=/net_tf/LA73_249_0mod360.pb:de.uros.citlab.segmentation.CITlab_LA_ML:v=2.6.7
prov=University of Rostock/Institute of Mathematics/CITlab|PLANET AI GmbH/Tobias Gruening/tobias.gruening@planet-ai.de:name=/net_tf/LA73_249_0mod360.pb:de.uros.citlab.segmentation.CITlab_LA_ML:v=2.6.7
prov=University of Rostock/Institute of Mathematics/CITlab/Tobias Gruening/tobias.gruening@uni-rostock.de:name=/net_tf/LA73_249_0mod360.pb:de.uros.citlab.segmentation.CITlab_LA_ML:v=2.3.0
</Creator>
        <Created>2019-04-19T16:15:37.356+02:00</Created>
        <LastChange>2025-11-20T10:59:46.488+01:00</LastChange>
        <Comments>
                Measurement unit: pixel
                PrimaryLanguage: English
                Language: SpanishTraditionalSort
                Producer: ABBYY FineReader Engine 11</Comments>
        <TranskribusMetadata docId="141751" pageId="5258104" pageNr="22" tsid="262165188" status="FINAL" userId="30120" imgUrl="https://files.transkribus.eu/Get?fileType=view&amp;id=OYQSCQBTGFHIECDZYPOAMWMJ" xmlUrl="https://files.transkribus.eu/Get?id=CEJSYSDNBSRFKQXZFTRQJTUB" imageId="3075339"/>
    </Metadata>
    <Page imageFilename="0022_image00327.jpg" imageWidth="1774" imageHeight="2727">
        <PrintSpace>
            <Coords points="96,186 1629,186 1629,2474 96,2474"/>
        </PrintSpace>
        <ReadingOrder>
            <OrderedGroup id="ro_1781166436681" caption="Regions reading order">
                <RegionRefIndexed index="0" regionRef="TextRegion_1634832073208_1964"/>
                <RegionRefIndexed index="1" regionRef="TextRegion_1634832079396_1969"/>
                <RegionRefIndexed index="2" regionRef="TextRegion_1634832079395_1968"/>
            </OrderedGroup>
        </ReadingOrder>
        <TextRegion orientation="0.0" id="TextRegion_1634832073208_1964" custom="readingOrder {index:0;}">
            <Coords points="106,189 1619,189 1619,254 106,254"/>
            <TextLine id="r1l1" custom="readingOrder {index:0;}">
                <Coords points="738,219 765,221 792,222 820,224 847,226 874,227 902,227 929,227 957,226 957,196 929,197 902,197 874,197 847,196 820,194 792,192 765,191 738,189"/>
                <Baseline points="738,209 765,211 792,212 820,214 847,216 874,217 902,217 929,217 957,216"/>
                <TextEquiv>
                    <Unicode>"FILIPINAS”</Unicode>
                </TextEquiv>
            </TextLine>
            <TextLine id="r1l2" custom="readingOrder {index:1;}">
                <Coords points="1478,229 1505,230 1532,230 1532,200 1505,200 1478,199"/>
                <Baseline points="1478,219 1505,220 1532,220"/>
                <TextEquiv>
                    <Unicode>29</Unicode>
                </TextEquiv>
            </TextLine>
            <TextEquiv>
                <Unicode>"FILIPINAS”29</Unicode>
            </TextEquiv>
        </TextRegion>
        <TextRegion orientation="0.0" id="TextRegion_1634832079396_1969" custom="readingOrder {index:1;}">
            <Coords points="106,254 862,254 862,2476 106,2476"/>
            <TextLine id="r1l10" custom="readingOrder {index:0;}">
                <Coords points="245,406 271,406 297,406 323,407 349,407 375,407 401,408 427,408 453,408 479,408 505,409 531,409 557,409 583,409 609,409 635,409 661,409 687,409 713,408 739,408 739,378 713,378 687,379 661,379 635,379 609,379 583,379 557,379 531,379 505,379 479,378 453,378 427,378 401,378 375,377 349,377 323,377 297,376 271,376 245,376"/>
                <Baseline points="245,396 271,396 297,396 323,397 349,397 375,397 401,398 427,398 453,398 479,398 505,399 531,399 557,399 583,399 609,399 635,399 661,399 687,399 713,398 739,398"/>
                <TextEquiv>
                    <Unicode>El amor y la amistad</Unicode>
                </TextEquiv>
            </TextLine>
            <TextLine id="r1l17" custom="readingOrder {index:1;}">
                <Coords points="360,545 386,544 412,544 438,544 464,544 491,544 517,544 543,545 569,545 595,546 622,546 622,516 595,516 569,515 543,515 517,514 491,514 464,514 438,514 412,514 386,514 360,515"/>
                <Baseline points="360,535 386,534 412,534 438,534 464,534 491,534 517,534 543,535 569,535 595,536 622,536"/>
                <TextEquiv>
                    <Unicode>PENSAMIENTOS</Unicode>
                </TextEquiv>
            </TextLine>
            <TextLine id="r1l19" custom="readingOrder {index:2;}">
                <Coords points="158,585 191,584 224,584 257,584 290,584 323,584 356,584 389,585 422,585 455,586 489,586 522,586 555,587 588,587 621,588 654,588 687,588 720,587 753,587 786,586 820,585 820,555 786,556 753,557 720,557 687,558 654,558 621,558 588,557 555,557 522,556 489,556 455,556 422,555 389,555 356,554 323,554 290,554 257,554 224,554 191,554 158,555"/>
                <Baseline points="158,575 191,574 224,574 257,574 290,574 323,574 356,574 389,575 422,575 455,576 489,576 522,576 555,577 588,577 621,578 654,578 687,578 720,577 753,577 786,576 820,575"/>
                <TextEquiv>
                    <Unicode>El amor existe en todo, y todo lo llena en</Unicode>
                </TextEquiv>
            </TextLine>
            <TextLine id="r1l20" custom="readingOrder {index:3;}">
                <Coords points="109,617 144,617 180,618 215,618 251,618 286,619 322,619 357,619 393,619 428,620 464,620 499,620 535,620 570,620 606,620 641,620 677,620 712,620 748,620 783,619 819,619 819,589 783,589 748,590 712,590 677,590 641,590 606,590 570,590 535,590 499,590 464,590 428,590 393,589 357,589 322,589 286,589 251,588 215,588 180,588 144,587 109,587"/>
                <Baseline points="109,607 144,607 180,608 215,608 251,608 286,609 322,609 357,609 393,609 428,610 464,610 499,610 535,610 570,610 606,610 641,610 677,610 712,610 748,610 783,609 819,609"/>
                <TextEquiv>
                    <Unicode>el Universo. La creación misma es un acto</Unicode>
                </TextEquiv>
            </TextLine>
            <TextLine id="r1l22" custom="readingOrder {index:4;}">
                <Coords points="118,649 144,650 170,651 196,652 222,652 248,652 274,652 300,652 326,652 352,652 378,652 404,652 430,652 456,652 482,653 508,653 535,655 535,625 508,623 482,623 456,622 430,622 404,622 378,622 352,622 326,622 300,622 274,622 248,622 222,622 196,622 170,621 144,620 118,619"/>
                <Baseline points="118,639 144,640 170,641 196,642 222,642 248,642 274,642 300,642 326,642 352,642 378,642 404,642 430,642 456,642 482,643 508,643 535,645"/>
                <TextEquiv>
                    <Unicode>del amor inflnito de Dios.</Unicode>
                </TextEquiv>
            </TextLine>
            <TextLine id="r1l25" custom="readingOrder {index:5;}">
                <Coords points="153,684 186,685 219,685 252,686 286,686 319,686 352,687 386,687 419,687 452,687 486,687 519,687 552,687 585,687 619,687 652,686 685,686 719,685 752,685 785,684 819,683 819,653 785,654 752,655 719,655 685,656 652,656 619,657 585,657 552,657 519,657 486,657 452,657 419,657 386,657 352,657 319,656 286,656 252,656 219,655 186,655 153,654"/>
                <Baseline points="153,674 186,675 219,675 252,676 286,676 319,676 352,677 386,677 419,677 452,677 486,677 519,677 552,677 585,677 619,677 652,676 685,676 719,675 752,675 785,674 819,673"/>
                <TextEquiv>
                    <Unicode>El amor es la atracción. Es el arquitecto del</Unicode>
                </TextEquiv>
            </TextLine>
            <TextLine id="r1l28" custom="readingOrder {index:6;}">
                <Coords points="106,715 131,717 157,717 182,718 208,718 233,718 259,719 259,689 233,688 208,688 182,688 157,687 131,687 106,685"/>
                <Baseline points="106,705 131,707 157,707 182,708 208,708 233,708 259,709"/>
                <TextEquiv>
                    <Unicode>Universo.</Unicode>
                </TextEquiv>
            </TextLine>
            <TextLine id="r1l31" custom="readingOrder {index:7;}">
                <Coords points="158,752 191,752 224,752 257,752 290,751 323,751 356,751 389,752 422,752 455,752 489,752 522,752 555,752 588,752 621,752 654,752 687,752 720,752 753,751 786,750 820,749 820,719 786,720 753,721 720,722 687,722 654,722 621,722 588,722 555,722 522,722 489,722 455,722 422,722 389,722 356,721 323,721 290,721 257,722 224,722 191,722 158,722"/>
                <Baseline points="158,742 191,742 224,742 257,742 290,741 323,741 356,741 389,742 422,742 455,742 489,742 522,742 555,742 588,742 621,742 654,742 687,742 720,742 753,741 786,740 820,739"/>
                <TextEquiv>
                    <Unicode>El amor mútuo de los átomos, de las mu-</Unicode>
                </TextEquiv>
            </TextLine>
            <TextLine id="line_1634832103933_1985" custom="readingOrder {index:8;}">
                <Coords points="117,753 781,752 820,753 820,783 772,785 706,786 477,786 313,785 182,784 117,783"/>
                <Baseline points="117,773 149,773 182,774 215,774 248,774 280,774 313,775 346,775 379,775 411,775 444,775 477,776 510,776 542,776 575,776 608,776 641,776 673,776 706,776 739,775 772,775 781,772 820,773"/>
                <TextEquiv>
                    <Unicode>léculas, de los cuerpos y de los astros se</Unicode>
                </TextEquiv>
            </TextLine>
            <TextLine id="r1l38" custom="readingOrder {index:9;}">
                <Coords points="113,816 139,817 165,818 191,819 217,820 243,821 269,821 295,821 321,822 347,822 373,822 399,822 425,822 451,822 477,822 503,821 529,821 555,821 581,821 607,820 607,790 581,791 555,791 529,791 503,791 477,792 451,792 425,792 399,792 373,792 347,792 321,792 295,791 269,791 243,791 217,790 191,789 165,788 139,787 113,786"/>
                <Baseline points="113,806 139,807 165,808 191,809 217,810 243,811 269,811 295,811 321,812 347,812 373,812 399,812 425,812 451,812 477,812 503,811 529,811 555,811 581,811 607,810"/>
                <TextEquiv>
                    <Unicode>llama atraccion universal.</Unicode>
                </TextEquiv>
            </TextLine>
            <TextLine id="r1l40" custom="readingOrder {index:10;}">
                <Coords points="154,851 185,852 217,852 248,853 280,853 312,853 343,853 375,853 407,853 438,853 470,852 502,852 533,852 565,851 597,851 628,851 660,851 692,851 723,851 755,851 787,852 787,822 755,821 723,821 692,821 660,821 628,821 597,821 565,821 533,822 502,822 470,822 438,823 407,823 375,823 343,823 312,823 280,823 248,823 217,822 185,822 154,821"/>
                <Baseline points="154,841 185,842 217,842 248,843 280,843 312,843 343,843 375,843 407,843 438,843 470,842 502,842 533,842 565,841 597,841 628,841 660,841 692,841 723,841 755,841 787,842"/>
                <TextEquiv>
                    <Unicode>La atracción de un alma á otra es amor.</Unicode>
                </TextEquiv>
            </TextLine>
            <TextLine id="r1l43" custom="readingOrder {index:11;}">
                <Coords points="162,918 195,919 228,920 261,920 294,921 328,921 361,921 394,920 427,920 460,920 494,919 527,919 560,918 593,918 626,917 660,917 693,916 726,916 759,916 792,916 826,916 826,886 792,886 759,886 726,886 693,886 660,887 626,887 593,888 560,888 527,889 494,889 460,890 427,890 394,890 361,891 328,891 294,891 261,890 228,890 195,889 162,888"/>
                <Baseline points="162,908 195,909 228,910 261,910 294,911 328,911 361,911 394,910 427,910 460,910 494,909 527,909 560,908 593,908 626,907 660,907 693,906 726,906 759,906 792,906 826,906"/>
                <TextEquiv>
                    <Unicode>La amistad es una forma desinteresada</Unicode>
                </TextEquiv>
            </TextLine>
            <TextLine id="r1l45" custom="readingOrder {index:12;}">
                <Coords points="114,949 142,951 171,951 200,951 229,952 258,955 258,925 229,922 200,921 171,921 142,921 114,919"/>
                <Baseline points="114,939 142,941 171,941 200,941 229,942 258,945"/>
                <TextEquiv>
                    <Unicode>de amor.</Unicode>
                </TextEquiv>
            </TextLine>
            <TextLine id="r1l49" custom="readingOrder {index:13;}">
                <Coords points="159,1015 192,1016 226,1017 259,1017 293,1017 327,1018 360,1018 394,1018 428,1018 461,1018 495,1018 529,1018 562,1017 596,1017 630,1017 663,1016 697,1016 731,1015 764,1015 798,1014 832,1014 832,984 798,984 764,985 731,985 697,986 663,986 630,987 596,987 562,987 529,988 495,988 461,988 428,988 394,988 360,988 327,988 293,987 259,987 226,987 192,986 159,985"/>
                <Baseline points="159,1005 192,1006 226,1007 259,1007 293,1007 327,1008 360,1008 394,1008 428,1008 461,1008 495,1008 529,1008 562,1007 596,1007 630,1007 663,1006 697,1006 731,1005 764,1005 798,1004 832,1004"/>
                <TextEquiv>
                    <Unicode>Sólo hay una clase de amor; pero existen de</Unicode>
                </TextEquiv>
            </TextLine>
            <TextLine id="r1l52" custom="readingOrder {index:14;}">
                <Coords points="119,1048 145,1049 171,1050 197,1050 223,1051 250,1051 276,1051 302,1051 328,1052 354,1052 381,1052 407,1052 433,1052 459,1051 486,1051 486,1021 459,1021 433,1022 407,1022 381,1022 354,1022 328,1022 302,1021 276,1021 250,1021 223,1021 197,1020 171,1020 145,1019 119,1018"/>
                <Baseline points="119,1038 145,1039 171,1040 197,1040 223,1041 250,1041 276,1041 302,1041 328,1042 354,1042 381,1042 407,1042 433,1042 459,1041 486,1041"/>
                <TextEquiv>
                    <Unicode>él mil diferentes copias.</Unicode>
                </TextEquiv>
            </TextLine>
            <TextLine id="r1l56" custom="readingOrder {index:15;}">
                <Coords points="158,1114 191,1115 224,1115 258,1116 291,1116 325,1116 358,1116 391,1117 425,1116 458,1116 492,1116 525,1116 558,1115 592,1115 625,1114 659,1114 692,1113 725,1113 759,1112 792,1112 826,1112 826,1082 792,1082 759,1082 725,1083 692,1083 659,1084 625,1084 592,1085 558,1085 525,1086 492,1086 458,1086 425,1086 391,1087 358,1086 325,1086 291,1086 258,1086 224,1085 191,1085 158,1084"/>
                <Baseline points="158,1104 191,1105 224,1105 258,1106 291,1106 325,1106 358,1106 391,1107 425,1106 458,1106 492,1106 525,1106 558,1105 592,1105 625,1104 659,1104 692,1103 725,1103 759,1102 792,1102 826,1102"/>
                <TextEquiv>
                    <Unicode>Entre una mujer y un hombre jóven es casi</Unicode>
                </TextEquiv>
            </TextLine>
            <TextLine id="r1l58" custom="readingOrder {index:16;}">
                <Coords points="115,1147 150,1148 185,1149 220,1149 256,1150 291,1150 326,1150 362,1150 397,1150 432,1149 468,1149 503,1148 538,1148 573,1148 609,1147 644,1147 679,1146 715,1146 750,1145 785,1145 821,1145 821,1115 785,1115 750,1115 715,1116 679,1116 644,1117 609,1117 573,1118 538,1118 503,1118 468,1119 432,1119 397,1120 362,1120 326,1120 291,1120 256,1120 220,1119 185,1119 150,1118 115,1117"/>
                <Baseline points="115,1137 150,1138 185,1139 220,1139 256,1140 291,1140 326,1140 362,1140 397,1140 432,1139 468,1139 503,1138 538,1138 573,1138 609,1137 644,1137 679,1136 715,1136 750,1135 785,1135 821,1135"/>
                <TextEquiv>
                    <Unicode>imposible una amistad sincera; si subsiste 1a</Unicode>
                </TextEquiv>
            </TextLine>
            <TextLine id="line_1634832114367_1992" custom="readingOrder {index:17;}">
                <Coords points="122,1151 775,1147 829,1150 829,1180 513,1183 252,1183 122,1181"/>
                <Baseline points="122,1171 154,1171 187,1172 219,1172 252,1173 285,1173 317,1173 350,1173 383,1173 415,1173 448,1173 481,1173 513,1173 546,1172 579,1172 611,1172 644,1171 677,1170 709,1169 742,1168 775,1167 793,1168 829,1170"/>
                <TextEquiv>
                    <Unicode>mútua simpatía, bien pronto la amistad se</Unicode>
                </TextEquiv>
            </TextLine>
            <TextLine id="r1l63" custom="readingOrder {index:18;}">
                <Coords points="125,1214 152,1215 179,1215 206,1215 233,1215 260,1215 287,1215 314,1215 341,1215 368,1215 395,1216 422,1217 422,1187 395,1186 368,1185 341,1185 314,1185 287,1185 260,1185 233,1185 206,1185 179,1185 152,1185 125,1184"/>
                <Baseline points="125,1204 152,1205 179,1205 206,1205 233,1205 260,1205 287,1205 314,1205 341,1205 368,1205 395,1206 422,1207"/>
                <TextEquiv>
                    <Unicode>transforma en amor.</Unicode>
                </TextEquiv>
            </TextLine>
            <TextLine id="r1l65" custom="readingOrder {index:19;}">
                <Coords points="155,1249 188,1249 221,1250 255,1250 288,1250 322,1250 355,1250 388,1249 422,1249 455,1248 489,1248 522,1247 555,1247 589,1246 622,1245 656,1245 689,1244 722,1244 756,1244 789,1243 823,1243 823,1213 789,1213 756,1214 722,1214 689,1214 656,1215 622,1215 589,1216 555,1217 522,1217 489,1218 455,1218 422,1219 388,1219 355,1220 322,1220 288,1220 255,1220 221,1220 188,1219 155,1219"/>
                <Baseline points="155,1239 188,1239 221,1240 255,1240 288,1240 322,1240 355,1240 388,1239 422,1239 455,1238 489,1238 522,1237 555,1237 589,1236 622,1235 656,1235 689,1234 722,1234 756,1234 789,1233 823,1233"/>
                <TextEquiv>
                    <Unicode>Esta regla tiene excepciones, pero escasísimas.</Unicode>
                </TextEquiv>
            </TextLine>
            <TextLine id="r1l77" custom="readingOrder {index:20;}">
                <Coords points="231,1363 257,1364 283,1365 309,1366 336,1366 362,1366 388,1366 415,1366 441,1366 467,1365 493,1365 520,1364 546,1363 572,1363 599,1362 625,1361 651,1361 678,1361 678,1331 651,1331 625,1331 599,1332 572,1333 546,1333 520,1334 493,1335 467,1335 441,1336 415,1336 388,1336 362,1336 336,1336 309,1336 283,1335 257,1334 231,1333"/>
                <Baseline points="231,1353 257,1354 283,1355 309,1356 336,1356 362,1356 388,1356 415,1356 441,1356 467,1355 493,1355 520,1354 546,1353 572,1353 599,1352 625,1351 651,1351 678,1351"/>
                <TextEquiv>
                    <Unicode> LA HONRA</Unicode>
                </TextEquiv>
            </TextLine>
            <TextLine id="r1l79" custom="readingOrder {index:21;}">
                <Coords points="459,1383 508,1383 508,1353 459,1353"/>
                <Baseline points="459,1373 508,1373"/>
                <TextEquiv>
                    <Unicode></Unicode>
                </TextEquiv>
            </TextLine>
            <TextLine id="r1l84" custom="readingOrder {index:22;}">
                <Coords points="286,1418 312,1418 338,1418 364,1418 390,1418 416,1417 442,1417 468,1417 494,1416 520,1416 546,1416 572,1416 598,1415 624,1415 650,1415 676,1416 676,1386 650,1385 624,1385 598,1385 572,1386 546,1386 520,1386 494,1386 468,1387 442,1387 416,1387 390,1388 364,1388 338,1388 312,1388 286,1388"/>
                <Baseline points="286,1408 312,1408 338,1408 364,1408 390,1408 416,1407 442,1407 468,1407 494,1406 520,1406 546,1406 572,1406 598,1405 624,1405 650,1405 676,1406"/>
                <TextEquiv>
                    <Unicode>(PENSAMIENTO DE SCHILLER)</Unicode>
                </TextEquiv>
            </TextLine>
            <TextLine id="r1l92" custom="readingOrder {index:23;}">
                <Coords points="268,1532 293,1532 318,1532 343,1532 369,1531 394,1531 419,1530 444,1530 470,1529 495,1529 520,1528 545,1528 571,1527 596,1526 621,1526 646,1526 672,1526 672,1496 646,1496 621,1496 596,1496 571,1497 545,1498 520,1498 495,1499 470,1499 444,1500 419,1500 394,1501 369,1501 343,1502 318,1502 293,1502 268,1502"/>
                <Baseline points="268,1522 293,1522 318,1522 343,1522 369,1521 394,1521 419,1520 444,1520 470,1519 495,1519 520,1518 545,1518 571,1517 596,1516 621,1516 646,1516 672,1516"/>
                <TextEquiv>
                    <Unicode>Iban el AGUA y el FUEGO</Unicode>
                </TextEquiv>
            </TextLine>
            <TextLine id="r1l94" custom="readingOrder {index:24;}">
                <Coords points="239,1565 264,1566 289,1567 314,1567 339,1567 364,1566 389,1565 414,1564 439,1563 464,1562 489,1561 514,1561 539,1561 564,1561 590,1563 590,1533 564,1531 539,1531 514,1531 489,1531 464,1532 439,1533 414,1534 389,1535 364,1536 339,1537 314,1537 289,1537 264,1536 239,1535"/>
                <Baseline points="239,1555 264,1556 289,1557 314,1557 339,1557 364,1556 389,1555 414,1554 439,1553 464,1552 489,1551 514,1551 539,1551 564,1551 590,1553"/>
                <TextEquiv>
                    <Unicode>Caminando por la tierra,</Unicode>
                </TextEquiv>
            </TextLine>
            <TextLine id="r1l96" custom="readingOrder {index:25;}">
                <Coords points="247,1598 273,1599 300,1598 326,1598 353,1598 379,1597 406,1597 432,1596 459,1595 485,1595 512,1595 538,1594 565,1594 591,1594 618,1595 645,1595 645,1565 618,1565 591,1564 565,1564 538,1564 512,1565 485,1565 459,1565 432,1566 406,1567 379,1567 353,1568 326,1568 300,1568 273,1569 247,1568"/>
                <Baseline points="247,1588 273,1589 300,1588 326,1588 353,1588 379,1587 406,1587 432,1586 459,1585 485,1585 512,1585 538,1584 565,1584 591,1584 618,1585 645,1585"/>
                <TextEquiv>
                    <Unicode>Y en su jornada, la HONRA</Unicode>
                </TextEquiv>
            </TextLine>
            <TextLine id="r1l98" custom="readingOrder {index:26;}">
                <Coords points="241,1630 266,1631 291,1631 316,1631 341,1631 367,1630 392,1630 417,1629 442,1629 467,1628 493,1628 518,1627 543,1627 568,1627 594,1627 594,1597 568,1597 543,1597 518,1597 493,1598 467,1598 442,1599 417,1599 392,1600 367,1600 341,1601 316,1601 291,1601 266,1601 241,1600"/>
                <Baseline points="241,1620 266,1621 291,1621 316,1621 341,1621 367,1620 392,1620 417,1619 442,1619 467,1618 493,1618 518,1617 543,1617 568,1617 594,1617"/>
                <TextEquiv>
                    <Unicode>Fué su gentil compañera.</Unicode>
                </TextEquiv>
            </TextLine>
            <TextLine id="r1l99" custom="readingOrder {index:27;}">
                <Coords points="238,1665 263,1665 288,1665 314,1664 339,1664 364,1663 390,1663 415,1662 441,1661 466,1661 491,1661 517,1660 542,1661 567,1661 593,1662 618,1663 644,1664 644,1634 618,1633 593,1632 567,1631 542,1631 517,1630 491,1631 466,1631 441,1631 415,1632 390,1633 364,1633 339,1634 314,1634 288,1635 263,1635 238,1635"/>
                <Baseline points="238,1655 263,1655 288,1655 314,1654 339,1654 364,1653 390,1653 415,1652 441,1651 466,1651 491,1651 517,1650 542,1651 567,1651 593,1652 618,1653 644,1654"/>
                <TextEquiv>
                    <Unicode>Al marchar, se preguntaron,</Unicode>
                </TextEquiv>
            </TextLine>
            <TextLine id="r1l101" custom="readingOrder {index:28;}">
                <Coords points="242,1695 268,1696 295,1697 322,1697 348,1697 375,1696 402,1696 428,1695 455,1694 482,1694 508,1693 535,1693 562,1694 589,1696 589,1666 562,1664 535,1663 508,1663 482,1664 455,1664 428,1665 402,1666 375,1666 348,1667 322,1667 295,1667 268,1666 242,1665"/>
                <Baseline points="242,1685 268,1686 295,1687 322,1687 348,1687 375,1686 402,1686 428,1685 455,1684 482,1684 508,1683 535,1683 562,1684 589,1686"/>
                <TextEquiv>
                    <Unicode>Con previsora prudencia,</Unicode>
                </TextEquiv>
            </TextLine>
            <TextLine id="r1l103" custom="readingOrder {index:29;}">
                <Coords points="243,1729 269,1730 295,1730 321,1730 347,1730 373,1730 399,1729 425,1729 451,1728 477,1727 503,1727 529,1727 555,1727 581,1727 608,1728 608,1698 581,1697 555,1697 529,1697 503,1697 477,1697 451,1698 425,1699 399,1699 373,1700 347,1700 321,1700 295,1700 269,1700 243,1699"/>
                <Baseline points="243,1719 269,1720 295,1720 321,1720 347,1720 373,1720 399,1719 425,1719 451,1718 477,1717 503,1717 529,1717 555,1717 581,1717 608,1718"/>
                <TextEquiv>
                    <Unicode>Cómo encontrarse podrían</Unicode>
                </TextEquiv>
            </TextLine>
            <TextLine id="r1l105" custom="readingOrder {index:30;}">
                <Coords points="244,1762 270,1763 297,1764 324,1764 351,1764 378,1763 405,1762 431,1761 458,1761 485,1760 512,1759 539,1759 566,1760 593,1761 593,1731 566,1730 539,1729 512,1729 485,1730 458,1731 431,1731 405,1732 378,1733 351,1734 324,1734 297,1734 270,1733 244,1732"/>
                <Baseline points="244,1752 270,1753 297,1754 324,1754 351,1754 378,1753 405,1752 431,1751 458,1751 485,1750 512,1749 539,1749 566,1750 593,1751"/>
                <TextEquiv>
                    <Unicode>Si por error ó por fuerza,</Unicode>
                </TextEquiv>
            </TextLine>
            <TextLine id="r1l107" custom="readingOrder {index:31;}">
                <Coords points="244,1796 270,1796 296,1796 322,1795 348,1795 374,1794 400,1794 426,1794 452,1793 478,1793 505,1792 531,1792 557,1792 583,1792 609,1792 635,1791 661,1791 687,1792 713,1792 740,1792 740,1762 713,1762 687,1762 661,1761 635,1761 609,1762 583,1762 557,1762 531,1762 505,1762 478,1763 452,1763 426,1764 400,1764 374,1764 348,1765 322,1765 296,1766 270,1766 244,1766"/>
                <Baseline points="244,1786 270,1786 296,1786 322,1785 348,1785 374,1784 400,1784 426,1784 452,1783 478,1783 505,1782 531,1782 557,1782 583,1782 609,1782 635,1781 661,1781 687,1782 713,1782 740,1782"/>
                <TextEquiv>
                    <Unicode>El AGUA, el FUEGO ó la HONRA</Unicode>
                </TextEquiv>
            </TextLine>
            <TextLine id="r1l109" custom="readingOrder {index:32;}">
                <Coords points="247,1829 273,1831 300,1831 327,1831 354,1831 380,1830 407,1829 434,1828 461,1827 487,1826 514,1825 541,1825 568,1826 595,1827 595,1797 568,1796 541,1795 514,1795 487,1796 461,1797 434,1798 407,1799 380,1800 354,1801 327,1801 300,1801 273,1801 247,1799"/>
                <Baseline points="247,1819 273,1821 300,1821 327,1821 354,1821 380,1820 407,1819 434,1818 461,1817 487,1816 514,1815 541,1815 568,1816 595,1817"/>
                <TextEquiv>
                    <Unicode>Se apartaban de la senda.</Unicode>
                </TextEquiv>
            </TextLine>
            <TextLine id="r1l111" custom="readingOrder {index:33;}">
                <Coords points="277,1881 302,1881 328,1881 354,1881 380,1881 406,1881 431,1880 457,1880 483,1879 509,1879 535,1879 560,1878 586,1878 612,1878 638,1878 664,1879 690,1879 690,1849 664,1849 638,1848 612,1848 586,1848 560,1848 535,1849 509,1849 483,1849 457,1850 431,1850 406,1851 380,1851 354,1851 328,1851 302,1851 277,1851"/>
                <Baseline points="277,1871 302,1871 328,1871 354,1871 380,1871 406,1871 431,1870 457,1870 483,1869 509,1869 535,1869 560,1868 586,1868 612,1868 638,1868 664,1869 690,1869"/>
                <TextEquiv>
                    <Unicode>Y el FUEGO dijo al instante:</Unicode>
                </TextEquiv>
            </TextLine>
            <TextLine id="r1l113" custom="readingOrder {index:34;}">
                <Coords points="269,1914 294,1915 320,1915 345,1915 371,1915 396,1915 422,1914 448,1914 473,1913 499,1912 524,1912 550,1911 576,1911 601,1910 627,1911 652,1911 678,1912 704,1913 704,1883 678,1882 652,1881 627,1881 601,1880 576,1881 550,1881 524,1882 499,1882 473,1883 448,1884 422,1884 396,1885 371,1885 345,1885 320,1885 294,1885 269,1884"/>
                <Baseline points="269,1904 294,1905 320,1905 345,1905 371,1905 396,1905 422,1904 448,1904 473,1903 499,1902 524,1902 550,1901 576,1901 601,1900 627,1901 652,1901 678,1902 704,1903"/>
                <TextEquiv>
                    <Unicode>---Pronto daréis con mis huellas;</Unicode>
                </TextEquiv>
            </TextLine>
            <TextLine id="r1l115" custom="readingOrder {index:35;}">
                <Coords points="241,1949 267,1949 294,1949 320,1949 347,1948 374,1948 400,1947 427,1947 453,1946 480,1946 507,1945 533,1945 560,1946 587,1946 587,1916 560,1916 533,1915 507,1915 480,1916 453,1916 427,1917 400,1917 374,1918 347,1918 320,1919 294,1919 267,1919 241,1919"/>
                <Baseline points="241,1939 267,1939 294,1939 320,1939 347,1938 374,1938 400,1937 427,1937 453,1936 480,1936 507,1935 533,1935 560,1936 587,1936"/>
                <TextEquiv>
                    <Unicode>Allí donde miréis humo,</Unicode>
                </TextEquiv>
            </TextLine>
            <TextLine id="r1l117" custom="readingOrder {index:36;}">
                <Coords points="241,1982 266,1983 292,1983 317,1983 343,1983 368,1982 394,1981 420,1980 445,1979 471,1979 496,1978 522,1978 547,1978 573,1978 599,1979 599,1949 573,1948 547,1948 522,1948 496,1948 471,1949 445,1949 420,1950 394,1951 368,1952 343,1953 317,1953 292,1953 266,1953 241,1952"/>
                <Baseline points="241,1972 266,1973 292,1973 317,1973 343,1973 368,1972 394,1971 420,1970 445,1969 471,1969 496,1968 522,1968 547,1968 573,1968 599,1969"/>
                <TextEquiv>
                    <Unicode>¡Allí me tendréis en vela!</Unicode>
                </TextEquiv>
            </TextLine>
            <TextLine id="r1l120" custom="readingOrder {index:37;}">
                <Coords points="284,2032 310,2032 336,2033 362,2033 388,2033 414,2032 440,2032 466,2032 492,2031 518,2031 544,2030 570,2030 596,2029 622,2029 648,2029 674,2029 700,2029 726,2029 752,2030 752,2000 726,1999 700,1999 674,1999 648,1999 622,1999 596,1999 570,2000 544,2000 518,2001 492,2001 466,2002 440,2002 414,2002 388,2003 362,2003 336,2003 310,2002 284,2002"/>
                <Baseline points="284,2022 310,2022 336,2023 362,2023 388,2023 414,2022 440,2022 466,2022 492,2021 518,2021 544,2020 570,2020 596,2019 622,2019 648,2019 674,2019 700,2019 726,2019 752,2020"/>
                <TextEquiv>
                    <Unicode>Y habló el AGUA:—Si me pierdo,</Unicode>
                </TextEquiv>
            </TextLine>
            <TextLine id="r1l122" custom="readingOrder {index:38;}">
                <Coords points="250,2063 275,2064 301,2066 326,2067 352,2067 377,2067 403,2066 429,2066 454,2065 480,2064 505,2063 531,2063 556,2063 582,2063 608,2063 608,2033 582,2033 556,2033 531,2033 505,2033 480,2034 454,2035 429,2036 403,2036 377,2037 352,2037 326,2037 301,2036 275,2034 250,2033"/>
                <Baseline points="250,2053 275,2054 301,2056 326,2057 352,2057 377,2057 403,2056 429,2056 454,2055 480,2054 505,2053 531,2053 556,2053 582,2053 608,2053"/>
                <TextEquiv>
                    <Unicode>Buscadme por las riberas;</Unicode>
                </TextEquiv>
            </TextLine>
            <TextLine id="r1l124" custom="readingOrder {index:39;}">
                <Coords points="242,2096 267,2098 293,2099 318,2100 344,2100 370,2100 395,2099 421,2099 447,2098 472,2097 498,2097 524,2096 549,2096 575,2095 601,2095 626,2095 652,2096 678,2097 678,2067 652,2066 626,2065 601,2065 575,2065 549,2066 524,2066 498,2067 472,2067 447,2068 421,2069 395,2069 370,2070 344,2070 318,2070 293,2069 267,2068 242,2066"/>
                <Baseline points="242,2086 267,2088 293,2089 318,2090 344,2090 370,2090 395,2089 421,2089 447,2088 472,2087 498,2087 524,2086 549,2086 575,2085 601,2085 626,2085 652,2086 678,2087"/>
                <TextEquiv>
                    <Unicode>Donde halléis aves que canten,</Unicode>
                </TextEquiv>
            </TextLine>
            <TextLine id="r1l126" custom="readingOrder {index:40;}">
                <Coords points="246,2128 271,2130 297,2131 323,2132 348,2132 374,2132 400,2131 425,2130 451,2130 477,2129 502,2128 528,2128 554,2128 580,2128 580,2098 554,2098 528,2098 502,2098 477,2099 451,2100 425,2100 400,2101 374,2102 348,2102 323,2102 297,2101 271,2100 246,2098"/>
                <Baseline points="246,2118 271,2120 297,2121 323,2122 348,2122 374,2122 400,2121 425,2120 451,2120 477,2119 502,2118 528,2118 554,2118 580,2118"/>
                <TextEquiv>
                    <Unicode>Flores y frondas espesas,</Unicode>
                </TextEquiv>
            </TextLine>
            <TextLine id="r1l128" custom="readingOrder {index:41;}">
                <Coords points="241,2163 266,2164 292,2165 318,2165 344,2165 370,2165 396,2164 422,2164 448,2163 474,2162 500,2162 526,2162 552,2162 578,2162 604,2163 604,2133 578,2132 552,2132 526,2132 500,2132 474,2132 448,2133 422,2134 396,2134 370,2135 344,2135 318,2135 292,2135 266,2134 241,2133"/>
                <Baseline points="241,2153 266,2154 292,2155 318,2155 344,2155 370,2155 396,2154 422,2154 448,2153 474,2152 500,2152 526,2152 552,2152 578,2152 604,2153"/>
                <TextEquiv>
                    <Unicode>Allí me tendréis copiando</Unicode>
                </TextEquiv>
            </TextLine>
            <TextLine id="r1l130" custom="readingOrder {index:42;}">
                <Coords points="237,2192 262,2196 287,2197 312,2199 338,2199 363,2199 388,2198 414,2198 439,2197 464,2196 489,2195 515,2195 540,2195 565,2196 591,2198 591,2168 565,2166 540,2165 515,2165 489,2165 464,2166 439,2167 414,2168 388,2168 363,2169 338,2169 312,2169 287,2167 262,2166 237,2162"/>
                <Baseline points="237,2182 262,2186 287,2187 312,2189 338,2189 363,2189 388,2188 414,2188 439,2187 464,2186 489,2185 515,2185 540,2185 565,2186 591,2188"/>
                <TextEquiv>
                    <Unicode>Soles, luceros y estrellas.</Unicode>
                </TextEquiv>
            </TextLine>
            <TextLine id="r1l132" custom="readingOrder {index:43;}">
                <Coords points="278,2248 303,2249 328,2249 354,2250 379,2250 404,2250 430,2250 455,2250 480,2249 506,2249 531,2248 556,2248 582,2247 607,2247 632,2246 658,2245 683,2244 709,2243 709,2213 683,2214 658,2215 632,2216 607,2217 582,2217 556,2218 531,2218 506,2219 480,2219 455,2220 430,2220 404,2220 379,2220 354,2220 328,2219 303,2219 278,2218"/>
                <Baseline points="278,2238 303,2239 328,2239 354,2240 379,2240 404,2240 430,2240 455,2240 480,2239 506,2239 531,2238 556,2238 582,2237 607,2237 632,2236 658,2235 683,2234 709,2233"/>
                <TextEquiv>
                    <Unicode>Y la HONRA exclamó pausada</Unicode>
                </TextEquiv>
            </TextLine>
            <TextLine id="r1l134" custom="readingOrder {index:44;}">
                <Coords points="240,2278 266,2281 293,2283 320,2283 346,2283 373,2283 400,2282 427,2282 453,2281 480,2281 507,2281 534,2282 534,2252 507,2251 480,2251 453,2251 427,2252 400,2252 373,2253 346,2253 320,2253 293,2253 266,2251 240,2248"/>
                <Baseline points="240,2268 266,2271 293,2273 320,2273 346,2273 373,2273 400,2272 427,2272 453,2271 480,2271 507,2271 534,2272"/>
                <TextEquiv>
                    <Unicode>Con infinita tristeza;</Unicode>
                </TextEquiv>
            </TextLine>
            <TextLine id="r1l137" custom="readingOrder {index:45;}">
                <Coords points="277,2315 302,2315 327,2315 352,2316 377,2316 402,2316 427,2315 452,2315 478,2315 503,2314 528,2314 553,2313 578,2313 603,2313 628,2312 654,2312 654,2282 628,2282 603,2283 578,2283 553,2283 528,2284 503,2284 478,2285 452,2285 427,2285 402,2286 377,2286 352,2286 327,2285 302,2285 277,2285"/>
                <Baseline points="277,2305 302,2305 327,2305 352,2306 377,2306 402,2306 427,2305 452,2305 478,2305 503,2304 528,2304 553,2303 578,2303 603,2303 628,2302 654,2302"/>
                <TextEquiv>
                    <Unicode>- Jamás corráis en mi busca,</Unicode>
                </TextEquiv>
            </TextLine>
            <TextLine id="r1l138" custom="readingOrder {index:46;}">
                <Coords points="251,2346 276,2347 302,2348 327,2349 353,2349 378,2349 404,2349 429,2349 455,2348 480,2348 506,2347 531,2346 557,2346 582,2345 608,2344 633,2344 659,2343 659,2313 633,2314 608,2314 582,2315 557,2316 531,2316 506,2317 480,2318 455,2318 429,2319 404,2319 378,2319 353,2319 327,2319 302,2318 276,2317 251,2316"/>
                <Baseline points="251,2336 276,2337 302,2338 327,2339 353,2339 378,2339 404,2339 429,2339 455,2338 480,2338 506,2337 531,2336 557,2336 582,2335 608,2334 633,2334 659,2333"/>
                <TextEquiv>
                    <Unicode>Aquel que una vez me pierde</Unicode>
                </TextEquiv>
            </TextLine>
            <TextLine id="r1l140" custom="readingOrder {index:47;}">
                <Coords points="247,2379 273,2381 299,2382 325,2382 351,2382 377,2383 403,2382 429,2382 455,2382 482,2381 508,2380 534,2380 560,2379 586,2378 612,2377 638,2377 664,2376 690,2376 717,2376 717,2346 690,2346 664,2346 638,2347 612,2347 586,2348 560,2349 534,2350 508,2350 482,2351 455,2352 429,2352 403,2352 377,2353 351,2352 325,2352 299,2352 273,2351 247,2349"/>
                <Baseline points="247,2369 273,2371 299,2372 325,2372 351,2372 377,2373 403,2372 429,2372 455,2372 482,2371 508,2370 534,2370 560,2369 586,2368 612,2367 638,2367 664,2366 690,2366 717,2366"/>
                <TextEquiv>
                    <Unicode>¡Nunca en la vida me encuentra!</Unicode>
                </TextEquiv>
            </TextLine>
            <TextLine id="r1l143" custom="readingOrder {index:48;}">
                <Coords points="486,2440 512,2439 539,2439 565,2438 592,2437 618,2436 645,2435 671,2435 698,2435 724,2435 751,2435 751,2405 724,2405 698,2405 671,2405 645,2405 618,2406 592,2407 565,2408 539,2409 512,2409 486,2410"/>
                <Baseline points="486,2430 512,2429 539,2429 565,2428 592,2427 618,2426 645,2425 671,2425 698,2425 724,2425 751,2425"/>
                <TextEquiv>
                    <Unicode>ROSA DE CÓRDOBA.</Unicode>
                </TextEquiv>
            </TextLine>
            <TextEquiv>
                <Unicode>E amor y la amistadPENSAMIENTOSEl amor existe en todo, y todo lo llena encel Universo. La creación misma es un actodel amor inflnito de Dios.El amor es la atracción. Es el arquitecto del¡Universo.El amor mútuo de los átomos, de las mu¬Jéculas, de los cuerpos y de los astros seMama atraccion universal.La atracción de un alma á otra es amor.La amistad es una forma desinteresadare amor.Sólo hay una clase de amor; pero existen deél mil diferentes copias.Entre una mujer y un hombre jóven es casiAmposible una amistad sincera; si subsiste 1aanútua simpatía, bien pronto la amistad searansforma en amor.Esta regla tiene excepciones, pero escasísimas.— E LA HONRA N(PENSAMIENTO DE SCHILLER,Iban el AGUA y el FUEGOCaminando por la tierra,Y en su jornada, la HONRAFué su gentil compañera.Al marchar, se preguntaron,Con previsora prudencia,Cómo encontrarse podríanSi por error ó por fuerza,El AGUA, el FUEGO ó la HONRASe apartaban de la sendaY el FUEGO dijo al instante:Pronto daréis con mis huellas;Allí donde miréis humo,¡Allí me tendréis en velaY habló el AGUA:—Si me pierdo,Buscadme por las riberas;Donde halléis aves que canten,Flores y frondas espesasAllí me tendréis copiandoSoles, luceros y estrellas.Y la HONRA exclamó pausada“Con infinita tristeza;Jamás corráis en mi busca,Aquel que una vez me pierde¡Nunca en la vida me encuentra!ROSA DE CÓRDOBA.</Unicode>
            </TextEquiv>
        </TextRegion>
        <TextRegion orientation="0.0" id="TextRegion_1634832079395_1968" custom="readingOrder {index:2;}">
            <Coords points="862,254 1619,254 1619,2476 862,2476"/>
            <TextLine id="r1l12" custom="readingOrder {index:0;}">
                <Coords points="969,416 995,416 1021,417 1047,417 1074,417 1100,418 1126,418 1152,418 1179,418 1205,419 1231,419 1257,419 1284,419 1310,419 1336,419 1362,419 1389,419 1415,419 1441,419 1467,419 1494,418 1494,388 1467,389 1441,389 1415,389 1389,389 1362,389 1336,389 1310,389 1284,389 1257,389 1231,389 1205,389 1179,388 1152,388 1126,388 1100,388 1074,387 1047,387 1021,387 995,386 969,386"/>
                <Baseline points="969,406 995,406 1021,407 1047,407 1074,407 1100,408 1126,408 1152,408 1179,408 1205,409 1231,409 1257,409 1284,409 1310,409 1336,409 1362,409 1389,409 1415,409 1441,409 1467,409 1494,408"/>
                <TextEquiv>
                    <Unicode>PAGINA LITERARIA</Unicode>
                </TextEquiv>
            </TextLine>
            <TextLine id="r1l18" custom="readingOrder {index:1;}">
                <Coords points="1003,569 1029,570 1055,571 1081,571 1108,571 1134,572 1160,572 1187,571 1213,571 1239,571 1265,571 1292,570 1318,570 1344,570 1371,570 1397,570 1423,570 1450,570 1450,540 1423,540 1397,540 1371,540 1344,540 1318,540 1292,540 1265,541 1239,541 1213,541 1187,541 1160,542 1134,542 1108,541 1081,541 1055,541 1029,540 1003,539"/>
                <Baseline points="1003,559 1029,560 1055,561 1081,561 1108,561 1134,562 1160,562 1187,561 1213,561 1239,561 1265,561 1292,560 1318,560 1344,560 1371,560 1397,560 1423,560 1450,560"/>
                <TextEquiv>
                    <Unicode>LA HUERFANA</Unicode>
                </TextEquiv>
            </TextLine>
            <TextLine id="r1l21" custom="readingOrder {index:2;}">
                <Coords points="1153,633 1179,634 1205,634 1232,634 1258,634 1285,633 1285,603 1258,604 1232,604 1205,604 1179,604 1153,603"/>
                <Baseline points="1153,623 1179,624 1205,624 1232,624 1258,624 1285,623"/>
                <TextEquiv>
                    <Unicode>(Conclusión)</Unicode>
                </TextEquiv>
            </TextLine>
            <TextLine id="line_1634832233013_2057" custom="readingOrder {index:3;}">
                <Coords points="901,635 1584,629 1584,659 1554,661 1466,664 1407,665 976,666 926,666 901,665"/>
                <Baseline points="901,655 926,656 951,656 976,656 994,655 1023,655 1053,655 1082,655 1112,655 1141,655 1171,655 1200,655 1230,655 1259,655 1289,655 1318,655 1348,655 1377,655 1407,655 1436,654 1466,654 1495,653 1525,651 1554,651 1584,649"/>
                <TextEquiv>
                    <Unicode>A tu Pátria, es decir á Filipinas has de con-</Unicode>
                </TextEquiv>
            </TextLine>
            <TextLine id="line_1634832237209_2061" custom="readingOrder {index:4;}">
                <Coords points="875,670 908,668 941,667 1439,665 1583,665 1583,695 1067,699 875,700"/>
                <Baseline points="875,690 908,688 941,687 974,689 1010,689 1038,689 1067,689 1095,688 1124,688 1153,688 1181,687 1210,687 1239,687 1267,687 1296,686 1325,686 1353,686 1382,686 1411,686 1439,685 1468,685 1497,685 1525,685 1554,685 1583,685"/>
                <TextEquiv>
                    <Unicode>sagrarla un amor grande cuyas raices han de</Unicode>
                </TextEquiv>
            </TextLine>
            <TextLine id="line_1634832242027_2065" custom="readingOrder {index:5;}">
                <Coords points="872,701 947,700 1524,697 1582,697 1582,727 1438,729 1323,730 1180,731 1008,732 897,732 872,731"/>
                <Baseline points="872,721 897,722 922,721 947,720 972,721 1008,722 1036,721 1065,721 1094,721 1122,721 1151,721 1180,721 1208,720 1237,720 1266,720 1295,720 1323,720 1352,719 1381,719 1409,719 1438,719 1467,718 1495,718 1524,717 1553,717 1582,717"/>
                <TextEquiv>
                    <Unicode>hallarse bien arraigadas en tu alma y en tu co-</Unicode>
                </TextEquiv>
            </TextLine>
            <TextLine id="line_1634832246839_2069" custom="readingOrder {index:6;}">
                <Coords points="878,733 1434,731 1581,731 1581,761 1170,764 1053,764 958,764 878,763"/>
                <Baseline points="878,753 904,753 931,753 958,754 995,753 1024,753 1053,754 1082,754 1112,754 1141,754 1170,754 1200,753 1229,753 1258,753 1288,753 1317,752 1346,752 1375,752 1405,752 1434,751 1463,751 1493,751 1522,751 1551,751 1581,751"/>
                <TextEquiv>
                    <Unicode>razón.  Fomentarán este amor tu afición á la</Unicode>
                </TextEquiv>
            </TextLine>
            <TextLine id="line_1634832250547_2073" custom="readingOrder {index:7;}">
                <Coords points="878,765 1494,763 1582,763 1582,793 1290,796 1173,797 998,797 938,797 878,795"/>
                <Baseline points="878,785 908,786 938,787 968,787 998,787 1027,787 1056,787 1085,787 1114,787 1144,787 1173,787 1202,786 1231,786 1260,786 1290,786 1319,785 1348,785 1377,785 1406,784 1436,784 1465,784 1494,783 1523,783 1552,783 1582,783"/>
                <TextEquiv>
                    <Unicode>lectura de la vida de nuestros héroes, la gene-</Unicode>
                </TextEquiv>
            </TextLine>
            <TextLine id="r1l39" custom="readingOrder {index:8;}">
                <Coords points="873,830 908,830 944,830 980,830 1016,830 1051,829 1087,829 1123,829 1159,829 1194,829 1230,829 1266,828 1302,828 1337,828 1373,828 1409,828 1445,827 1480,827 1516,827 1552,826 1588,826 1588,796 1552,796 1516,797 1480,797 1445,797 1409,798 1373,798 1337,798 1302,798 1266,798 1230,799 1194,799 1159,799 1123,799 1087,799 1051,799 1016,800 980,800 944,800 908,800 873,800"/>
                <Baseline points="873,820 908,820 944,820 980,820 1016,820 1051,819 1087,819 1123,819 1159,819 1194,819 1230,819 1266,818 1302,818 1337,818 1373,818 1409,818 1445,817 1480,817 1516,817 1552,816 1588,816"/>
                <TextEquiv>
                    <Unicode>rosidad de tu alma, este sentimiento magnánimo</Unicode>
                </TextEquiv>
            </TextLine>
            <TextLine id="r1l41" custom="readingOrder {index:9;}">
                <Coords points="873,861 908,862 943,862 978,862 1013,863 1048,863 1083,863 1119,862 1154,862 1189,862 1224,862 1259,861 1294,861 1329,861 1365,860 1400,860 1435,860 1470,860 1505,860 1540,860 1576,860 1576,830 1540,830 1505,830 1470,830 1435,830 1400,830 1365,830 1329,831 1294,831 1259,831 1224,832 1189,832 1154,832 1119,832 1083,833 1048,833 1013,833 978,832 943,832 908,832 873,831"/>
                <Baseline points="873,851 908,852 943,852 978,852 1013,853 1048,853 1083,853 1119,852 1154,852 1189,852 1224,852 1259,851 1294,851 1329,851 1365,850 1400,850 1435,850 1470,850 1505,850 1540,850 1576,850"/>
                <TextEquiv>
                    <Unicode>que consiste en amar el bienestar y la felicidad</Unicode>
                </TextEquiv>
            </TextLine>
            <TextLine id="r1l42" custom="readingOrder {index:10;}">
                <Coords points="878,896 912,896 947,896 982,896 1017,896 1052,895 1087,895 1122,895 1157,895 1192,894 1227,894 1261,894 1296,893 1331,893 1366,893 1401,893 1436,892 1471,892 1506,892 1541,892 1576,892 1576,862 1541,862 1506,862 1471,862 1436,862 1401,863 1366,863 1331,863 1296,863 1261,864 1227,864 1192,864 1157,865 1122,865 1087,865 1052,865 1017,866 982,866 947,866 912,866 878,866"/>
                <Baseline points="878,886 912,886 947,886 982,886 1017,886 1052,885 1087,885 1122,885 1157,885 1192,884 1227,884 1261,884 1296,883 1331,883 1366,883 1401,883 1436,882 1471,882 1506,882 1541,882 1576,882"/>
                <TextEquiv>
                    <Unicode>de los otros, cual se ama el suyo, y perfeccio-</Unicode>
                </TextEquiv>
            </TextLine>
            <TextLine id="r1l44" custom="readingOrder {index:11;}">
                <Coords points="874,928 909,929 945,929 980,929 1016,929 1052,929 1087,928 1123,928 1158,928 1194,927 1230,927 1265,927 1301,926 1336,926 1372,926 1408,925 1443,925 1479,925 1514,925 1550,925 1586,925 1586,895 1550,895 1514,895 1479,895 1443,895 1408,895 1372,896 1336,896 1301,896 1265,897 1230,897 1194,897 1158,898 1123,898 1087,898 1052,899 1016,899 980,899 945,899 909,899 874,898"/>
                <Baseline points="874,918 909,919 945,919 980,919 1016,919 1052,919 1087,918 1123,918 1158,918 1194,917 1230,917 1265,917 1301,916 1336,916 1372,916 1408,915 1443,915 1479,915 1514,915 1550,915 1586,915"/>
                <TextEquiv>
                    <Unicode>nase hasta tal punto este sentimiento que llegue</Unicode>
                </TextEquiv>
            </TextLine>
            <TextLine id="r1l46" custom="readingOrder {index:12;}">
                <Coords points="878,962 913,962 949,962 984,962 1020,961 1055,961 1091,961 1126,961 1162,960 1197,960 1233,960 1269,959 1304,959 1340,959 1375,959 1411,958 1446,958 1482,958 1517,959 1553,959 1589,959 1589,929 1553,929 1517,929 1482,928 1446,928 1411,928 1375,929 1340,929 1304,929 1269,929 1233,930 1197,930 1162,930 1126,931 1091,931 1055,931 1020,931 984,932 949,932 913,932 878,932"/>
                <Baseline points="878,952 913,952 949,952 984,952 1020,951 1055,951 1091,951 1126,951 1162,950 1197,950 1233,950 1269,949 1304,949 1340,949 1375,949 1411,948 1446,948 1482,948 1517,949 1553,949 1589,949"/>
                <TextEquiv>
                    <Unicode>al heróico grado de desear la felicidad de los</Unicode>
                </TextEquiv>
            </TextLine>
            <TextLine id="line_1634832254521_2077" custom="readingOrder {index:13;}">
                <Coords points="883,965 910,964 993,963 1292,962 1395,963 1395,993 1063,995 1012,995 883,995"/>
                <Baseline points="883,985 910,984 938,984 965,984 993,983 1012,985 1037,985 1063,985 1088,984 1114,984 1139,984 1165,983 1190,983 1216,983 1241,983 1267,983 1292,982 1318,983 1343,983 1369,983 1395,983"/>
                <TextEquiv>
                    <Unicode>demás á costa del sacrificio propio.</Unicode>
                </TextEquiv>
            </TextLine>
            <TextLine id="line_1634832259084_2081" custom="readingOrder {index:14;}">
                <Coords points="913,994 1588,994 1588,1024 1264,1027 1147,1028 1029,1028 957,1028 913,1024"/>
                <Baseline points="913,1014 957,1018 1000,1017 1029,1018 1058,1018 1088,1018 1117,1018 1147,1018 1176,1017 1205,1017 1235,1017 1264,1017 1294,1016 1323,1016 1352,1016 1382,1015 1411,1015 1441,1015 1470,1014 1499,1014 1529,1014 1558,1014 1588,1014"/>
                <TextEquiv>
                    <Unicode>-Y hubo ya alguien que asi amara á la</Unicode>
                </TextEquiv>
            </TextLine>
            <TextLine id="r1l53" custom="readingOrder {index:15;}">
                <Coords points="877,1056 907,1059 938,1060 969,1062 969,1032 938,1030 907,1029 877,1026"/>
                <Baseline points="877,1046 907,1049 938,1050 969,1052"/>
                <TextEquiv>
                    <Unicode>Pátria?</Unicode>
                </TextEquiv>
            </TextLine>
            <TextLine id="r1l54" custom="readingOrder {index:16;}">
                <Coords points="917,1090 942,1092 967,1094 967,1064 942,1062 917,1060"/>
                <Baseline points="917,1080 942,1082 967,1084"/>
                <TextEquiv>
                    <Unicode>-Sí.</Unicode>
                </TextEquiv>
            </TextLine>
            <TextLine id="r1l57" custom="readingOrder {index:17;}">
                <Coords points="929,1124 957,1126 985,1126 1014,1125 1042,1124 1070,1124 1099,1126 1099,1096 1070,1094 1042,1094 1014,1095 985,1096 957,1096 929,1094"/>
                <Baseline points="929,1114 957,1116 985,1116 1014,1115 1042,1114 1070,1114 1099,1116"/>
                <TextEquiv>
                    <Unicode>-¿Quién es?</Unicode>
                </TextEquiv>
            </TextLine>
            <TextLine id="r1l59" custom="readingOrder {index:18;}">
                <Coords points="928,1157 961,1158 994,1158 1027,1158 1060,1158 1093,1158 1126,1158 1159,1158 1192,1157 1225,1157 1259,1157 1292,1156 1325,1156 1358,1156 1391,1155 1424,1155 1457,1155 1490,1155 1523,1155 1556,1156 1590,1156 1590,1126 1556,1126 1523,1125 1490,1125 1457,1125 1424,1125 1391,1125 1358,1126 1325,1126 1292,1126 1259,1127 1225,1127 1192,1127 1159,1128 1126,1128 1093,1128 1060,1128 1027,1128 994,1128 961,1128 928,1127"/>
                <Baseline points="928,1147 961,1148 994,1148 1027,1148 1060,1148 1093,1148 1126,1148 1159,1148 1192,1147 1225,1147 1259,1147 1292,1146 1325,1146 1358,1146 1391,1145 1424,1145 1457,1145 1490,1145 1523,1145 1556,1146 1590,1146"/>
                <TextEquiv>
                    <Unicode>-Rizal; nuestro héroe, nuestro maestro en la</Unicode>
                </TextEquiv>
            </TextLine>
            <TextLine id="r1l62" custom="readingOrder {index:19;}">
                <Coords points="878,1190 903,1191 929,1191 955,1192 981,1192 1006,1192 1032,1192 1058,1191 1084,1191 1109,1190 1135,1190 1161,1190 1187,1189 1213,1189 1213,1159 1187,1159 1161,1160 1135,1160 1109,1160 1084,1161 1058,1161 1032,1162 1006,1162 981,1162 955,1162 929,1161 903,1161 878,1160"/>
                <Baseline points="878,1180 903,1181 929,1181 955,1182 981,1182 1006,1182 1032,1182 1058,1181 1084,1181 1109,1180 1135,1180 1161,1180 1187,1179 1213,1179"/>
                <TextEquiv>
                    <Unicode>escuela del patriotismo.</Unicode>
                </TextEquiv>
            </TextLine>
            <TextLine id="r1l64" custom="readingOrder {index:20;}">
                <Coords points="917,1220 942,1221 968,1222 993,1223 1019,1223 1044,1223 1070,1224 1095,1224 1121,1224 1146,1224 1172,1223 1197,1223 1223,1223 1248,1222 1274,1222 1299,1221 1325,1221 1350,1220 1376,1220 1402,1219 1402,1189 1376,1190 1350,1190 1325,1191 1299,1191 1274,1192 1248,1192 1223,1193 1197,1193 1172,1193 1146,1194 1121,1194 1095,1194 1070,1194 1044,1193 1019,1193 993,1193 968,1192 942,1191 917,1190"/>
                <Baseline points="917,1210 942,1211 968,1212 993,1213 1019,1213 1044,1213 1070,1214 1095,1214 1121,1214 1146,1214 1172,1213 1197,1213 1223,1213 1248,1212 1274,1212 1299,1211 1325,1211 1350,1210 1376,1210 1402,1209"/>
                <TextEquiv>
                    <Unicode>—Prosigue, mi querida hermana.</Unicode>
                </TextEquiv>
            </TextLine>
            <TextLine id="r1l66" custom="readingOrder {index:21;}">
                <Coords points="944,1256 976,1256 1008,1256 1040,1256 1072,1256 1104,1256 1136,1256 1168,1256 1200,1256 1232,1255 1264,1255 1296,1255 1328,1254 1360,1254 1392,1253 1424,1253 1456,1253 1488,1252 1520,1252 1552,1251 1584,1251 1584,1221 1552,1221 1520,1222 1488,1222 1456,1223 1424,1223 1392,1223 1360,1224 1328,1224 1296,1225 1264,1225 1232,1225 1200,1226 1168,1226 1136,1226 1104,1226 1072,1226 1040,1226 1008,1226 976,1226 944,1226"/>
                <Baseline points="944,1246 976,1246 1008,1246 1040,1246 1072,1246 1104,1246 1136,1246 1168,1246 1200,1246 1232,1245 1264,1245 1296,1245 1328,1244 1360,1244 1392,1243 1424,1243 1456,1243 1488,1242 1520,1242 1552,1241 1584,1241"/>
                <TextEquiv>
                    <Unicode>Dios, bendice al patriota, porque el verda-</Unicode>
                </TextEquiv>
            </TextLine>
            <TextLine id="line_1634832266912_2086" custom="readingOrder {index:22;}">
                <Coords points="882,1257 1334,1255 1551,1255 1583,1256 1583,1286 1055,1290 962,1290 943,1290 912,1289 882,1287"/>
                <Baseline points="882,1277 912,1279 943,1280 962,1280 993,1280 1024,1280 1055,1280 1086,1279 1117,1279 1148,1278 1179,1278 1210,1277 1241,1277 1272,1276 1303,1276 1334,1275 1365,1275 1396,1275 1427,1275 1458,1275 1489,1275 1520,1275 1551,1275 1583,1276"/>
                <TextEquiv>
                    <Unicode>dero patriotismo es un don divino. Vas á ser</Unicode>
                </TextEquiv>
            </TextLine>
            <TextLine id="r1l72" custom="readingOrder {index:23;}">
                <Coords points="877,1323 912,1324 948,1324 983,1324 1019,1323 1054,1323 1090,1322 1125,1322 1161,1321 1196,1321 1232,1320 1267,1319 1303,1319 1338,1318 1374,1318 1409,1317 1445,1317 1480,1317 1516,1318 1551,1318 1587,1319 1587,1289 1551,1288 1516,1288 1480,1287 1445,1287 1409,1287 1374,1288 1338,1288 1303,1289 1267,1289 1232,1290 1196,1291 1161,1291 1125,1292 1090,1292 1054,1293 1019,1293 983,1294 948,1294 912,1294 877,1293"/>
                <Baseline points="877,1313 912,1314 948,1314 983,1314 1019,1313 1054,1313 1090,1312 1125,1312 1161,1311 1196,1311 1232,1310 1267,1309 1303,1309 1338,1308 1374,1308 1409,1307 1445,1307 1480,1307 1516,1308 1551,1308 1587,1309"/>
                <TextEquiv>
                    <Unicode>pues patriota hermanito mío, defendiendo con</Unicode>
                </TextEquiv>
            </TextLine>
            <TextLine id="r1l75" custom="readingOrder {index:24;}">
                <Coords points="877,1355 912,1356 947,1356 983,1356 1018,1356 1054,1356 1089,1355 1124,1355 1160,1355 1195,1354 1231,1354 1266,1353 1301,1352 1337,1352 1372,1351 1408,1351 1443,1351 1478,1351 1514,1351 1549,1351 1585,1351 1585,1321 1549,1321 1514,1321 1478,1321 1443,1321 1408,1321 1372,1321 1337,1322 1301,1322 1266,1323 1231,1324 1195,1324 1160,1325 1124,1325 1089,1325 1054,1326 1018,1326 983,1326 947,1326 912,1326 877,1325"/>
                <Baseline points="877,1345 912,1346 947,1346 983,1346 1018,1346 1054,1346 1089,1345 1124,1345 1160,1345 1195,1344 1231,1344 1266,1343 1301,1342 1337,1342 1372,1341 1408,1341 1443,1341 1478,1341 1514,1341 1549,1341 1585,1341"/>
                <TextEquiv>
                    <Unicode>valor los derechos de tu pueblo, instruyéndote</Unicode>
                </TextEquiv>
            </TextLine>
            <TextLine id="line_1634832282787_2092" custom="readingOrder {index:25;}">
                <Coords points="878,1363 890,1361 926,1358 1350,1354 1481,1353 1513,1353 1579,1354 1579,1384 878,1393"/>
                <Baseline points="878,1383 890,1381 926,1378 958,1378 991,1378 1023,1378 1056,1378 1089,1378 1121,1378 1154,1377 1187,1377 1219,1376 1252,1376 1285,1375 1317,1375 1350,1374 1383,1374 1415,1374 1448,1374 1481,1373 1513,1373 1546,1374 1579,1374"/>
                <TextEquiv>
                    <Unicode>y educándote á tí mismo, de tal modo que</Unicode>
                </TextEquiv>
            </TextLine>
            <TextLine id="r1l85" custom="readingOrder {index:26;}">
                <Coords points="881,1421 916,1422 952,1422 987,1422 1023,1422 1058,1421 1094,1421 1129,1421 1165,1420 1200,1419 1236,1419 1272,1418 1307,1417 1343,1417 1378,1416 1414,1415 1449,1415 1485,1415 1520,1415 1556,1415 1592,1416 1592,1386 1556,1385 1520,1385 1485,1385 1449,1385 1414,1385 1378,1386 1343,1387 1307,1387 1272,1388 1236,1389 1200,1389 1165,1390 1129,1391 1094,1391 1058,1391 1023,1392 987,1392 952,1392 916,1392 881,1391"/>
                <Baseline points="881,1411 916,1412 952,1412 987,1412 1023,1412 1058,1411 1094,1411 1129,1411 1165,1410 1200,1409 1236,1409 1272,1408 1307,1407 1343,1407 1378,1406 1414,1405 1449,1405 1485,1405 1520,1405 1556,1405 1592,1406"/>
                <TextEquiv>
                    <Unicode>tu conducta honre el suelo que te vió na-</Unicode>
                </TextEquiv>
            </TextLine>
            <TextLine id="line_1634832289823_2097" custom="readingOrder {index:27;}">
                <Coords points="880,1425 1370,1419 1588,1419 1588,1449 926,1456 880,1455"/>
                <Baseline points="880,1445 926,1446 936,1445 946,1445 967,1445 998,1445 1029,1444 1060,1444 1091,1443 1122,1443 1153,1442 1184,1442 1215,1441 1246,1441 1277,1441 1308,1440 1339,1440 1370,1439 1401,1439 1432,1439 1463,1439 1494,1439 1525,1439 1556,1439 1588,1439"/>
                <TextEquiv>
                    <Unicode>cer. Cuando tus gobernantes, tus conciuda-</Unicode>
                </TextEquiv>
            </TextLine>
            <TextLine id="r1l90" custom="readingOrder {index:28;}">
                <Coords points="883,1487 918,1488 953,1488 988,1488 1024,1488 1059,1488 1094,1487 1129,1487 1165,1486 1200,1486 1235,1485 1270,1484 1306,1484 1341,1483 1376,1482 1411,1482 1447,1482 1482,1481 1517,1481 1552,1481 1588,1482 1588,1452 1552,1451 1517,1451 1482,1451 1447,1452 1411,1452 1376,1452 1341,1453 1306,1454 1270,1454 1235,1455 1200,1456 1165,1456 1129,1457 1094,1457 1059,1458 1024,1458 988,1458 953,1458 918,1458 883,1457"/>
                <Baseline points="883,1477 918,1478 953,1478 988,1478 1024,1478 1059,1478 1094,1477 1129,1477 1165,1476 1200,1476 1235,1475 1270,1474 1306,1474 1341,1473 1376,1472 1411,1472 1447,1472 1482,1471 1517,1471 1552,1471 1588,1472"/>
                <TextEquiv>
                    <Unicode>danos, tu Pátria, se hallan en peligro, deber</Unicode>
                </TextEquiv>
            </TextLine>
            <TextLine id="r1l91" custom="readingOrder {index:29;}">
                <Coords points="883,1519 918,1519 953,1519 988,1520 1024,1520 1059,1520 1094,1520 1129,1519 1165,1519 1200,1519 1235,1518 1270,1518 1306,1517 1341,1517 1376,1516 1411,1515 1447,1515 1482,1515 1517,1514 1552,1514 1588,1514 1588,1484 1552,1484 1517,1484 1482,1485 1447,1485 1411,1485 1376,1486 1341,1487 1306,1487 1270,1488 1235,1488 1200,1489 1165,1489 1129,1489 1094,1490 1059,1490 1024,1490 988,1490 953,1489 918,1489 883,1489"/>
                <Baseline points="883,1509 918,1509 953,1509 988,1510 1024,1510 1059,1510 1094,1510 1129,1509 1165,1509 1200,1509 1235,1508 1270,1508 1306,1507 1341,1507 1376,1506 1411,1505 1447,1505 1482,1505 1517,1504 1552,1504 1588,1504"/>
                <TextEquiv>
                    <Unicode>tuyo y deber sagrado es, salvarla, aunque por</Unicode>
                </TextEquiv>
            </TextLine>
            <TextLine id="r1l93" custom="readingOrder {index:30;}">
                <Coords points="877,1553 912,1553 947,1553 982,1553 1017,1553 1053,1553 1088,1552 1123,1552 1158,1552 1193,1551 1229,1551 1264,1550 1299,1550 1334,1550 1369,1549 1405,1549 1440,1548 1475,1548 1510,1548 1545,1548 1581,1547 1581,1517 1545,1518 1510,1518 1475,1518 1440,1518 1405,1519 1369,1519 1334,1520 1299,1520 1264,1520 1229,1521 1193,1521 1158,1522 1123,1522 1088,1522 1053,1523 1017,1523 982,1523 947,1523 912,1523 877,1523"/>
                <Baseline points="877,1543 912,1543 947,1543 982,1543 1017,1543 1053,1543 1088,1542 1123,1542 1158,1542 1193,1541 1229,1541 1264,1540 1299,1540 1334,1540 1369,1539 1405,1539 1440,1538 1475,1538 1510,1538 1545,1538 1581,1537"/>
                <TextEquiv>
                    <Unicode>ella tengas que sucumbir. Oye, hermanito mío,</Unicode>
                </TextEquiv>
            </TextLine>
            <TextLine id="r1l95" custom="readingOrder {index:31;}">
                <Coords points="882,1588 917,1587 952,1587 987,1586 1022,1586 1057,1585 1092,1585 1127,1585 1162,1584 1197,1584 1233,1584 1268,1583 1303,1583 1338,1583 1373,1583 1408,1582 1443,1582 1478,1582 1513,1582 1548,1582 1584,1581 1584,1551 1548,1552 1513,1552 1478,1552 1443,1552 1408,1552 1373,1553 1338,1553 1303,1553 1268,1553 1233,1554 1197,1554 1162,1554 1127,1555 1092,1555 1057,1555 1022,1556 987,1556 952,1557 917,1557 882,1558"/>
                <Baseline points="882,1578 917,1577 952,1577 987,1576 1022,1576 1057,1575 1092,1575 1127,1575 1162,1574 1197,1574 1233,1574 1268,1573 1303,1573 1338,1573 1373,1573 1408,1572 1443,1572 1478,1572 1513,1572 1548,1572 1584,1571"/>
                <TextEquiv>
                    <Unicode>y esto lo dice, no yo, sino Rizal. , ¡Oh! ¡qué es</Unicode>
                </TextEquiv>
            </TextLine>
            <TextLine id="r1l97" custom="readingOrder {index:32;}">
                <Coords points="1065,1615 1090,1616 1116,1615 1142,1615 1167,1615 1193,1615 1219,1614 1244,1614 1270,1614 1296,1613 1321,1613 1347,1612 1373,1612 1399,1611 1399,1581 1373,1582 1347,1582 1321,1583 1296,1583 1270,1584 1244,1584 1219,1584 1193,1585 1167,1585 1142,1585 1116,1585 1090,1586 1065,1585"/>
                <Baseline points="1065,1605 1090,1606 1116,1605 1142,1605 1167,1605 1193,1605 1219,1604 1244,1604 1270,1604 1296,1603 1321,1603 1347,1602 1373,1602 1399,1601"/>
                <TextEquiv>
                    <Unicode>Continúa en la página 30.</Unicode>
                </TextEquiv>
            </TextLine>
            <TextLine id="r1l100" custom="readingOrder {index:33;}">
                <Coords points="1069,1664 1095,1664 1122,1664 1148,1663 1175,1663 1201,1664 1228,1664 1255,1664 1281,1663 1308,1663 1334,1663 1361,1662 1388,1661 1388,1631 1361,1632 1334,1633 1308,1633 1281,1633 1255,1634 1228,1634 1201,1634 1175,1633 1148,1633 1122,1634 1095,1634 1069,1634"/>
                <Baseline points="1069,1654 1095,1654 1122,1654 1148,1653 1175,1653 1201,1654 1228,1654 1255,1654 1281,1653 1308,1653 1334,1653 1361,1652 1388,1651"/>
                <TextEquiv>
                    <Unicode>La Poesia de la Mujer</Unicode>
                </TextEquiv>
            </TextLine>
            <TextLine id="r1l102" custom="readingOrder {index:34;}">
                <Coords points="877,1720 912,1720 947,1720 982,1720 1017,1720 1052,1720 1087,1720 1123,1720 1158,1720 1193,1720 1228,1719 1263,1719 1298,1719 1333,1718 1369,1718 1404,1717 1439,1717 1474,1716 1509,1715 1544,1715 1580,1714 1580,1684 1544,1685 1509,1685 1474,1686 1439,1687 1404,1687 1369,1688 1333,1688 1298,1689 1263,1689 1228,1689 1193,1690 1158,1690 1123,1690 1087,1690 1052,1690 1017,1690 982,1690 947,1690 912,1690 877,1690"/>
                <Baseline points="877,1710 912,1710 947,1710 982,1710 1017,1710 1052,1710 1087,1710 1123,1710 1158,1710 1193,1710 1228,1709 1263,1709 1298,1709 1333,1708 1369,1708 1404,1707 1439,1707 1474,1706 1509,1705 1544,1705 1580,1704"/>
                <TextEquiv>
                    <Unicode>nes influye doblemente en el equilibrio de los</Unicode>
                </TextEquiv>
            </TextLine>
            <TextLine id="r1l104" custom="readingOrder {index:35;}">
                <Coords points="881,1754 916,1754 951,1754 986,1754 1021,1754 1056,1754 1091,1753 1126,1753 1161,1753 1196,1753 1231,1752 1266,1752 1301,1751 1336,1751 1371,1751 1406,1750 1441,1750 1476,1750 1511,1749 1546,1749 1581,1749 1581,1719 1546,1719 1511,1719 1476,1720 1441,1720 1406,1720 1371,1721 1336,1721 1301,1721 1266,1722 1231,1722 1196,1723 1161,1723 1126,1723 1091,1723 1056,1724 1021,1724 986,1724 951,1724 916,1724 881,1724"/>
                <Baseline points="881,1744 916,1744 951,1744 986,1744 1021,1744 1056,1744 1091,1743 1126,1743 1161,1743 1196,1743 1231,1742 1266,1742 1301,1741 1336,1741 1371,1741 1406,1740 1441,1740 1476,1740 1511,1739 1546,1739 1581,1739"/>
                <TextEquiv>
                    <Unicode>hechos humanos. El hombre por sí solo es un</Unicode>
                </TextEquiv>
            </TextLine>
            <TextLine id="r1l106" custom="readingOrder {index:36;}">
                <Coords points="877,1787 912,1787 947,1786 983,1786 1018,1786 1054,1786 1089,1785 1125,1785 1160,1785 1196,1785 1231,1784 1266,1784 1302,1784 1337,1784 1373,1783 1408,1783 1444,1782 1479,1782 1515,1781 1550,1781 1586,1780 1586,1750 1550,1751 1515,1751 1479,1752 1444,1752 1408,1753 1373,1753 1337,1754 1302,1754 1266,1754 1231,1754 1196,1755 1160,1755 1125,1755 1089,1755 1054,1756 1018,1756 983,1756 947,1756 912,1757 877,1757"/>
                <Baseline points="877,1777 912,1777 947,1776 983,1776 1018,1776 1054,1776 1089,1775 1125,1775 1160,1775 1196,1775 1231,1774 1266,1774 1302,1774 1337,1774 1373,1773 1408,1773 1444,1772 1479,1772 1515,1771 1550,1771 1586,1770"/>
                <TextEquiv>
                    <Unicode>sér incompleto, triste, solitario. Acertando á ele¬</Unicode>
                </TextEquiv>
            </TextLine>
            <TextLine id="r1l108" custom="readingOrder {index:37;}">
                <Coords points="883,1820 918,1820 953,1819 988,1819 1024,1819 1059,1818 1094,1818 1130,1818 1165,1817 1200,1817 1236,1817 1271,1817 1306,1817 1341,1817 1377,1816 1412,1816 1447,1816 1483,1816 1518,1816 1553,1815 1589,1815 1589,1785 1553,1785 1518,1786 1483,1786 1447,1786 1412,1786 1377,1786 1341,1787 1306,1787 1271,1787 1236,1787 1200,1787 1165,1787 1130,1788 1094,1788 1059,1788 1024,1789 988,1789 953,1789 918,1790 883,1790"/>
                <Baseline points="883,1810 918,1810 953,1809 988,1809 1024,1809 1059,1808 1094,1808 1130,1808 1165,1807 1200,1807 1236,1807 1271,1807 1306,1807 1341,1807 1377,1806 1412,1806 1447,1806 1483,1806 1518,1806 1553,1805 1589,1805"/>
                <TextEquiv>
                    <Unicode>gir mujer buena, de esas que exhalan el aroma</Unicode>
                </TextEquiv>
            </TextLine>
            <TextLine id="r1l110" custom="readingOrder {index:38;}">
                <Coords points="881,1852 915,1852 950,1851 985,1851 1020,1851 1055,1851 1090,1850 1124,1850 1159,1850 1194,1850 1229,1849 1264,1849 1299,1849 1334,1849 1368,1848 1403,1848 1438,1848 1473,1848 1508,1848 1543,1848 1578,1848 1578,1818 1543,1818 1508,1818 1473,1818 1438,1818 1403,1818 1368,1818 1334,1819 1299,1819 1264,1819 1229,1819 1194,1820 1159,1820 1124,1820 1090,1820 1055,1821 1020,1821 985,1821 950,1821 915,1822 881,1822"/>
                <Baseline points="881,1842 915,1842 950,1841 985,1841 1020,1841 1055,1841 1090,1840 1124,1840 1159,1840 1194,1840 1229,1839 1264,1839 1299,1839 1334,1839 1368,1838 1403,1838 1438,1838 1473,1838 1508,1838 1543,1838 1578,1838"/>
                <TextEquiv>
                    <Unicode>de la felicidad, se siente el hombre menos rudo,</Unicode>
                </TextEquiv>
            </TextLine>
            <TextLine id="r1l112" custom="readingOrder {index:39;}">
                <Coords points="881,1884 916,1884 951,1884 986,1884 1021,1884 1057,1884 1092,1884 1127,1884 1162,1884 1197,1884 1233,1884 1268,1884 1303,1883 1338,1883 1373,1883 1409,1882 1444,1882 1479,1881 1514,1881 1549,1880 1585,1880 1585,1850 1549,1850 1514,1851 1479,1851 1444,1852 1409,1852 1373,1853 1338,1853 1303,1853 1268,1854 1233,1854 1197,1854 1162,1854 1127,1854 1092,1854 1057,1854 1021,1854 986,1854 951,1854 916,1854 881,1854"/>
                <Baseline points="881,1874 916,1874 951,1874 986,1874 1021,1874 1057,1874 1092,1874 1127,1874 1162,1874 1197,1874 1233,1874 1268,1874 1303,1873 1338,1873 1373,1873 1409,1872 1444,1872 1479,1871 1514,1871 1549,1870 1585,1870"/>
                <TextEquiv>
                    <Unicode>menos fiero, más apto para la sensibilidad y</Unicode>
                </TextEquiv>
            </TextLine>
            <TextLine id="r1l114" custom="readingOrder {index:40;}">
                <Coords points="885,1917 920,1917 955,1917 990,1917 1025,1917 1060,1917 1095,1917 1131,1917 1166,1917 1201,1916 1236,1916 1271,1916 1306,1915 1341,1915 1377,1915 1412,1914 1447,1914 1482,1913 1517,1913 1552,1912 1588,1912 1588,1882 1552,1882 1517,1883 1482,1883 1447,1884 1412,1884 1377,1885 1341,1885 1306,1885 1271,1886 1236,1886 1201,1886 1166,1887 1131,1887 1095,1887 1060,1887 1025,1887 990,1887 955,1887 920,1887 885,1887"/>
                <Baseline points="885,1907 920,1907 955,1907 990,1907 1025,1907 1060,1907 1095,1907 1131,1907 1166,1907 1201,1906 1236,1906 1271,1906 1306,1905 1341,1905 1377,1905 1412,1904 1447,1904 1482,1903 1517,1903 1552,1902 1588,1902"/>
                <TextEquiv>
                    <Unicode>la indulgencia, más fácil y accesible para ad¬</Unicode>
                </TextEquiv>
            </TextLine>
            <TextLine id="r1l116" custom="readingOrder {index:41;}">
                <Coords points="886,1949 921,1949 956,1949 991,1949 1026,1950 1061,1950 1096,1950 1131,1950 1166,1950 1201,1950 1237,1950 1272,1949 1307,1949 1342,1949 1377,1949 1412,1948 1447,1948 1482,1947 1517,1947 1552,1947 1588,1946 1588,1916 1552,1917 1517,1917 1482,1917 1447,1918 1412,1918 1377,1919 1342,1919 1307,1919 1272,1919 1237,1920 1201,1920 1166,1920 1131,1920 1096,1920 1061,1920 1026,1920 991,1919 956,1919 921,1919 886,1919"/>
                <Baseline points="886,1939 921,1939 956,1939 991,1939 1026,1940 1061,1940 1096,1940 1131,1940 1166,1940 1201,1940 1237,1940 1272,1939 1307,1939 1342,1939 1377,1939 1412,1938 1447,1938 1482,1937 1517,1937 1552,1937 1588,1936"/>
                <TextEquiv>
                    <Unicode>mitir el consejo, la inspiración, la impresión,</Unicode>
                </TextEquiv>
            </TextLine>
            <TextLine id="r1l118" custom="readingOrder {index:42;}">
                <Coords points="885,1982 920,1982 955,1981 990,1981 1025,1981 1060,1982 1095,1982 1130,1982 1165,1982 1200,1982 1235,1982 1270,1982 1305,1982 1340,1982 1375,1982 1410,1982 1445,1981 1480,1981 1515,1980 1550,1979 1585,1978 1585,1948 1550,1949 1515,1950 1480,1951 1445,1951 1410,1952 1375,1952 1340,1952 1305,1952 1270,1952 1235,1952 1200,1952 1165,1952 1130,1952 1095,1952 1060,1952 1025,1951 990,1951 955,1951 920,1952 885,1952"/>
                <Baseline points="885,1972 920,1972 955,1971 990,1971 1025,1971 1060,1972 1095,1972 1130,1972 1165,1972 1200,1972 1235,1972 1270,1972 1305,1972 1340,1972 1375,1972 1410,1972 1445,1971 1480,1971 1515,1970 1550,1969 1585,1968"/>
                <TextEquiv>
                    <Unicode>rara vez torcida, de la mujer, y la delicadeza</Unicode>
                </TextEquiv>
            </TextLine>
            <TextLine id="r1l119" custom="readingOrder {index:43;}">
                <Coords points="879,2013 914,2014 950,2014 985,2014 1021,2015 1057,2015 1092,2015 1128,2015 1164,2015 1199,2015 1235,2015 1271,2015 1306,2015 1342,2015 1378,2014 1413,2014 1449,2014 1485,2013 1520,2012 1556,2012 1592,2011 1592,1981 1556,1982 1520,1982 1485,1983 1449,1984 1413,1984 1378,1984 1342,1985 1306,1985 1271,1985 1235,1985 1199,1985 1164,1985 1128,1985 1092,1985 1057,1985 1021,1985 985,1984 950,1984 914,1984 879,1983"/>
                <Baseline points="879,2003 914,2004 950,2004 985,2004 1021,2005 1057,2005 1092,2005 1128,2005 1164,2005 1199,2005 1235,2005 1271,2005 1306,2005 1342,2005 1378,2004 1413,2004 1449,2004 1485,2003 1520,2002 1556,2002 1592,2001"/>
                <TextEquiv>
                    <Unicode>de esos rasgos con que, esposas y madres, re-</Unicode>
                </TextEquiv>
            </TextLine>
            <TextLine id="r1l121" custom="readingOrder {index:44;}">
                <Coords points="877,2046 912,2047 948,2047 984,2047 1020,2048 1056,2048 1091,2048 1127,2049 1163,2049 1199,2049 1235,2049 1270,2049 1306,2049 1342,2048 1378,2048 1414,2048 1449,2047 1485,2047 1521,2047 1557,2046 1593,2045 1593,2015 1557,2016 1521,2017 1485,2017 1449,2017 1414,2018 1378,2018 1342,2018 1306,2019 1270,2019 1235,2019 1199,2019 1163,2019 1127,2019 1091,2018 1056,2018 1020,2018 984,2017 948,2017 912,2017 877,2016"/>
                <Baseline points="877,2036 912,2037 948,2037 984,2037 1020,2038 1056,2038 1091,2038 1127,2039 1163,2039 1199,2039 1235,2039 1270,2039 1306,2039 1342,2038 1378,2038 1414,2038 1449,2037 1485,2037 1521,2037 1557,2036 1593,2035"/>
                <TextEquiv>
                    <Unicode>suelven el hermoso problema de la cultura del</Unicode>
                </TextEquiv>
            </TextLine>
            <TextLine id="r1l123" custom="readingOrder {index:45;}">
                <Coords points="880,2082 917,2082 954,2082 954,2052 917,2052 880,2052"/>
                <Baseline points="880,2072 917,2072 954,2072"/>
                <TextEquiv>
                    <Unicode>alma.</Unicode>
                </TextEquiv>
            </TextLine>
            <TextLine id="r1l125" custom="readingOrder {index:46;}">
                <Coords points="921,2115 946,2115 972,2115 998,2115 1024,2115 1050,2115 1075,2115 1101,2115 1127,2115 1153,2116 1179,2116 1204,2116 1230,2116 1256,2116 1282,2116 1308,2115 1333,2115 1359,2115 1385,2114 1411,2114 1437,2113 1437,2083 1411,2084 1385,2084 1359,2085 1333,2085 1308,2085 1282,2086 1256,2086 1230,2086 1204,2086 1179,2086 1153,2086 1127,2085 1101,2085 1075,2085 1050,2085 1024,2085 998,2085 972,2085 946,2085 921,2085"/>
                <Baseline points="921,2105 946,2105 972,2105 998,2105 1024,2105 1050,2105 1075,2105 1101,2105 1127,2105 1153,2106 1179,2106 1204,2106 1230,2106 1256,2106 1282,2106 1308,2105 1333,2105 1359,2105 1385,2104 1411,2104 1437,2103"/>
                <TextEquiv>
                    <Unicode>Resumiendo, oigamos á Lamartine:</Unicode>
                </TextEquiv>
            </TextLine>
            <TextLine id="r1l127" custom="readingOrder {index:47;}">
                <Coords points="925,2146 958,2147 992,2148 1026,2148 1060,2149 1094,2149 1127,2149 1161,2150 1195,2150 1229,2150 1263,2150 1296,2150 1330,2150 1364,2149 1398,2149 1431,2149 1465,2149 1499,2148 1533,2148 1567,2148 1601,2147 1601,2117 1567,2118 1533,2118 1499,2118 1465,2119 1431,2119 1398,2119 1364,2119 1330,2120 1296,2120 1263,2120 1229,2120 1195,2120 1161,2120 1127,2119 1094,2119 1060,2119 1026,2118 992,2118 958,2117 925,2116"/>
                <Baseline points="925,2136 958,2137 992,2138 1026,2138 1060,2139 1094,2139 1127,2139 1161,2140 1195,2140 1229,2140 1263,2140 1296,2140 1330,2140 1364,2139 1398,2139 1431,2139 1465,2139 1499,2138 1533,2138 1567,2138 1601,2137"/>
                <TextEquiv>
                    <Unicode>La mujer es origen de las grandes</Unicode>
                </TextEquiv>
            </TextLine>
            <TextLine id="r1l129" custom="readingOrder {index:48;}">
                <Coords points="886,2182 913,2181 941,2181 969,2180 996,2179 1024,2180 1052,2182 1052,2152 1024,2150 996,2149 969,2150 941,2151 913,2151 886,2152"/>
                <Baseline points="886,2172 913,2171 941,2171 969,2170 996,2169 1024,2170 1052,2172"/>
                <TextEquiv>
                    <Unicode>acciones.</Unicode>
                </TextEquiv>
            </TextLine>
            <TextLine id="r1l131" custom="readingOrder {index:49;}">
                <Coords points="922,2213 950,2213 979,2214 1008,2215 1036,2216 1065,2216 1094,2215 1094,2185 1065,2186 1036,2186 1008,2185 979,2184 950,2183 922,2183"/>
                <Baseline points="922,2203 950,2203 979,2204 1008,2205 1036,2206 1065,2206 1094,2205"/>
                <TextEquiv>
                    <Unicode>Y á Balzac.</Unicode>
                </TextEquiv>
            </TextLine>
            <TextLine id="r1l133" custom="readingOrder {index:50;}">
                <Coords points="916,2247 950,2248 985,2248 1020,2248 1055,2248 1089,2248 1124,2249 1159,2249 1194,2249 1228,2249 1263,2249 1298,2249 1333,2250 1367,2250 1402,2250 1437,2250 1472,2250 1506,2250 1541,2250 1576,2249 1611,2249 1611,2219 1576,2219 1541,2220 1506,2220 1472,2220 1437,2220 1402,2220 1367,2220 1333,2220 1298,2219 1263,2219 1228,2219 1194,2219 1159,2219 1124,2219 1089,2218 1055,2218 1020,2218 985,2218 950,2218 916,2217"/>
                <Baseline points="916,2237 950,2238 985,2238 1020,2238 1055,2238 1089,2238 1124,2239 1159,2239 1194,2239 1228,2239 1263,2239 1298,2239 1333,2240 1367,2240 1402,2240 1437,2240 1472,2240 1506,2240 1541,2240 1576,2239 1611,2239"/>
                <TextEquiv>
                    <Unicode>La mujer es el ser mas perfecto: es</Unicode>
                </TextEquiv>
            </TextLine>
            <TextLine id="r1l135" custom="readingOrder {index:51;}">
                <Coords points="884,2281 920,2281 956,2281 992,2282 1029,2282 1065,2282 1101,2283 1137,2283 1174,2283 1210,2284 1246,2284 1282,2284 1319,2284 1355,2284 1391,2285 1427,2285 1464,2284 1500,2284 1536,2284 1572,2284 1609,2283 1609,2253 1572,2254 1536,2254 1500,2254 1464,2254 1427,2255 1391,2255 1355,2254 1319,2254 1282,2254 1246,2254 1210,2254 1174,2253 1137,2253 1101,2253 1065,2252 1029,2252 992,2252 956,2251 920,2251 884,2251"/>
                <Baseline points="884,2271 920,2271 956,2271 992,2272 1029,2272 1065,2272 1101,2273 1137,2273 1174,2273 1210,2274 1246,2274 1282,2274 1319,2274 1355,2274 1391,2275 1427,2275 1464,2274 1500,2274 1536,2274 1572,2274 1609,2273"/>
                <TextEquiv>
                    <Unicode>una creacion entre el hombre y el</Unicode>
                </TextEquiv>
            </TextLine>
            <TextLine id="r1l136" custom="readingOrder {index:52;}">
                <Coords points="883,2314 910,2315 937,2314 964,2314 991,2316 991,2286 964,2284 937,2284 910,2285 883,2284"/>
                <Baseline points="883,2304 910,2305 937,2304 964,2304 991,2306"/>
                <TextEquiv>
                    <Unicode>angel.</Unicode>
                </TextEquiv>
            </TextLine>
            <TextLine id="r1l139" custom="readingOrder {index:53;}">
                <Coords points="1302,2345 1329,2348 1356,2349 1383,2350 1411,2350 1438,2350 1465,2350 1493,2349 1520,2349 1547,2349 1575,2350 1575,2320 1547,2319 1520,2319 1493,2319 1465,2320 1438,2320 1411,2320 1383,2320 1356,2319 1329,2318 1302,2315"/>
                <Baseline points="1302,2335 1329,2338 1356,2339 1383,2340 1411,2340 1438,2340 1465,2340 1493,2339 1520,2339 1547,2339 1575,2340"/>
                <TextEquiv>
                    <Unicode>CECILIA GARCÍA.</Unicode>
                </TextEquiv>
            </TextLine>
            <TextLine id="r1l141" custom="readingOrder {index:54;}">
                <Coords points="921,2397 955,2397 990,2398 1024,2399 1059,2399 1093,2400 1128,2401 1162,2401 1197,2401 1231,2402 1266,2402 1300,2402 1335,2403 1369,2403 1404,2403 1438,2404 1473,2404 1507,2404 1542,2404 1576,2404 1611,2405 1611,2375 1576,2374 1542,2374 1507,2374 1473,2374 1438,2374 1404,2373 1369,2373 1335,2373 1300,2372 1266,2372 1231,2372 1197,2371 1162,2371 1128,2371 1093,2370 1059,2369 1024,2369 990,2368 955,2367 921,2367"/>
                <Baseline points="921,2387 955,2387 990,2388 1024,2389 1059,2389 1093,2390 1128,2391 1162,2391 1197,2391 1231,2392 1266,2392 1300,2392 1335,2393 1369,2393 1404,2393 1438,2394 1473,2394 1507,2394 1542,2394 1576,2394 1611,2395"/>
                <TextEquiv>
                    <Unicode>El niño que se acostumbra á tomar la HA-</Unicode>
                </TextEquiv>
            </TextLine>
            <TextLine id="r1l142" custom="readingOrder {index:55;}">
                <Coords points="885,2430 921,2430 958,2430 995,2431 1031,2431 1068,2432 1105,2433 1141,2434 1178,2435 1215,2435 1252,2436 1288,2437 1325,2438 1362,2438 1398,2439 1435,2439 1472,2440 1508,2440 1545,2440 1582,2440 1619,2440 1619,2410 1582,2410 1545,2410 1508,2410 1472,2410 1435,2409 1398,2409 1362,2408 1325,2408 1288,2407 1252,2406 1215,2405 1178,2405 1141,2404 1105,2403 1068,2402 1031,2401 995,2401 958,2400 921,2400 885,2400"/>
                <Baseline points="885,2420 921,2420 958,2420 995,2421 1031,2421 1068,2422 1105,2423 1141,2424 1178,2425 1215,2425 1252,2426 1288,2427 1325,2428 1362,2428 1398,2429 1435,2429 1472,2430 1508,2430 1545,2430 1582,2430 1619,2430"/>
                <TextEquiv>
                    <Unicode>RINA LACTEADA NESTLE, jamás aceptará</Unicode>
                </TextEquiv>
            </TextLine>
            <TextLine id="r1l144" custom="readingOrder {index:56;}">
                <Coords points="893,2462 919,2463 945,2464 972,2465 998,2466 1024,2467 1051,2467 1077,2468 1104,2468 1130,2469 1156,2469 1183,2470 1209,2471 1236,2471 1236,2441 1209,2441 1183,2440 1156,2439 1130,2439 1104,2438 1077,2438 1051,2437 1024,2437 998,2436 972,2435 945,2434 919,2433 893,2432"/>
                <Baseline points="893,2452 919,2453 945,2454 972,2455 998,2456 1024,2457 1051,2457 1077,2458 1104,2458 1130,2459 1156,2459 1183,2460 1209,2461 1236,2461"/>
                <TextEquiv>
                    <Unicode>cualquier otro alimento.</Unicode>
                </TextEquiv>
            </TextLine>
            <TextEquiv>
                <Unicode>PAGINA LITERARIALA HUERFANA(ConelusiónA tu Pátria, es decir á Filipinas has de con¬sagrarla un amor grande cuyas raices han dehallarse bien arraigadas en tu alma y en tu co¬razón. Fomentarán este amor tu afición á lalectura de la vida de nuestros héroes, la gene¬rosidad de tu alma, este sentimiento magnánimoque consiste en amar el bienestar y la felicidadde los otros, cual se ama el suyo, y perfeccio¬nase hasta tal punto este sentimiento que llegueal heróico grado de desear la felicidad de losdemás á costa del sacrificio propio.—Y hubo ya alguien que asi amara á laPátria?—Sí.—¿Quién es?-Rizal; nuestro héroe, nuestro maestro en laescuela del patriotismo—Prosigue, mi querida hermana.Dios, bendice al patriota, porque el verda¬dero patriotismo es un don divino. Vas á serpues patriota hermanito mío, defendiendo convalor los derechos de tu pueblo, instruyéndotey educándote á tí mismo, de tal modo quetu conducta honre el suelo que te vió na¬cer. Cuando tus gobernantes, tus conciuda¬danos, tu Pátria, se hallan en peligro, debertuyo y deber sagrado es, salvarla, aunque porella tengas que sucumbir. Oye, hermanito mío,y esto lo dice, no yo, sino Rizal. . ¡Oh! ¡qué esContinúa en la página 30.La Poesia de la Mujernes influye doblemente en el equilibrio de loshechos humanos. El hombre por sí solo es unsér incompleto, triste, solitario. Acertando á ele¬gir mujer buena, de esas que exhalan el aromade la felicidad, se siente el hombre menos rudo,menos fiero, más apto para la sensibilidad yla indulgencia, más fácil y accesible para ad¬mitir el consejo, la inspiración, la impresión,rara vez torcida, de la mujer, y la delicadezade esos rasgos con que, esposas y madres, re¬suelven el hermoso problema de la cultura delalma.Resumiendo, oigamos á Lamartine:La mujer es origen de las grandesacciones.Y á Balzac.La mujer es el ser mas perfecto: esuna creacion entre el hombre y elangel.CECILIA GARCIA.N MINO NO S Mimaba &amp; LaN LA HERINA LACTEADA NESTLE, jamás aceptarácualquier otro alimento.</Unicode>
            </TextEquiv>
        </TextRegion>
    </Page>
</PcGts>
