1866 2730
347 177 405 211 30
898 168 1123 209 "FILIPINAS”
283 351 930 387 Notas del Extranjero
601 474 949 508 Madrid, 31 Febrero 1909
325 512 986 549 Para honrar á la hermosa soberanía de Ita¬
295 546 990 583 lia y premiar su abnegación, con motivo de los
293 579 988 617 terremotos, se ha hecho aquí, en España, algo
287 612 986 650 excepcional: crear una banda para la Orden
292 643 990 683 de Beneficencia y concedérsela juntamente con
290 677 993 717 la Gran Cruz. Esta Orden fué creada el 7 de
291 710 992 750 Mayo de 1856 por Isabel II para recompensa
296 744 996 784 de servicios extraordinarios prestados con ocasión
290 777 992 817 de calamidades públicas.  En 30 de Diciembre
294 809 986 851 del siguiente año se dispuso que también sir-
298 842 996 884 viese para premiar actos heróicos de caridad
290 877 994 917 y servicios eminentes, realizados durante una
290 909 992 951 calamidad permanente ó fortuita. Hasta ahora
294 943 996 985 ha tenido la Orden las tres categorías siguientes:
290 977 924 1018 primera clase, gran placa; segunda clase, ve-
294 1008 992 1051 nera que va suspendida de una cinta de seda,
294 1041 992 1084 á listas blancas y negras, y se lleva pendiente
289 1074 993 1117 del cuello, y tercera clase, cruz pequeña, que
290 1107 1000 1150 se lleva suspendida de una cinta muy corta
295 1139 995 1183 y pendiente de un pasador, del ojal de la so-
289 1174 1002 1217 lapa izquierda. La insignia consiste en una
292 1207 996 1250 estrella de oro, con puntas de esmalte blanco,
298 1241 1003 1283 fileteadas de negro, en cuyo centro hay la fi-
292 1275 989 1316 gura de una matrona con dos niños, y la ins-
290 1307 979 1349 cripción alrededor del grupo "A la Caridad".
295 1339 991 1385 En el reverso, se lee: “Beneficencia pública.
314 1370 460 1407 -Isabel II”.
332 1408 1004 1449 Ahora, además de la gran placa, hay la banda
288 1441 992 1483 blanca y negra, creada como he dicho, para la
290 1473 997 1515 Reina Elena. Entre otras damas, están conde-
290 1509 996 1549 coradas con la cruz de primera clase la Prin-
289 1542 991 1582 cesa Luisa de Orleans; D a Carolina Ulloa y
294 1576 995 1615 Calderón, Condesa de Campo Giro; la señorita
289 1610 990 1648 Concepción Manso de Zúñiga, hija de los Con
290 1643 1000 1682 des de Hervás; D.a Cristina Nilson, Condesa
285 1677 992 1716 viuda de Casa-Miranda; D.a Ana Ponce, D.a
292 1711 994 1749 Melchora Tobes Andreaga y D.a Alicia Aramis
279 1742 303 1776 y Mora.
315 1778 998 1814 Todos convienen en que la heróica Reina
285 1813 1003 1848 de Italia ha venido, por bien firmes méritos, á
276 1847 996 1881 aumentar esta brillante lista. Y añaden que
275 1881 994 1914 no es de estos días la abnegación de Elena
275 1915 996 1947 de Montenegro, aunque nunca haya brillado tan
272 1949 1004 1982 esplendorosamente como ahora. En Italia saben
270 1983 992 2017 los más humildes, mejor que los encumbrados
275 2016 996 2051 cuánta ternura y cuánto amor al prójimo al-
271 2050 998 2086 berga el corazón de la jóven soberana.
304 2148 1002 2188 Realmente notable fué la función á benefi-
256 2183 1006 2224 cio de la Asociación de la Prensa celebrada
258 2217 1006 2258 hace pocas noches en el teatro Real. Todas
262 2249 999 2292 las clases sociales estaban allí amplia y bri-
256 2289 616 2326 ilamente representadas.
290 2341 1001 2387 El niño recién nacido toma muy bien y su
250 2385 1003 2430 nutre completamente con la Harina Lacteada
249 2441 368 2474 Nestle.
1240 260 1537 291 LA HUERFANA
1030 345 1768 380 hermoso caer por darte vuelo! ¡Morir por darte
1034 381 1133 416 vidal...
1368 410 1398 444 IV.
1062 445 1746 480 Triunfaron... Un inmenso gentío invade por
1040 477 1754 513 todas partes las calles Risas y carcajadas de
1040 510 1746 546 triunfo se oyen. Venció el pueblo contra el
1046 544 1740 580 enemigo invasor. La bandera victoriosa del
1038 577 1749 613 pueblo ya estaba izada en el asta, desde cuya
1040 610 1750 647 altura ondula magestuosa, llenando de júbilo
1046 645 1732 681 los corazones. Todo era alegría y algazara
1046 678 1750 714 Y ¿por qué no habían de gozar de la alegría más
1037 712 1743 747 pura, del gozo más grande, como son la alegría y
1045 745 1748 780 el gozo del triunfo y de la victoria, si para
1036 777 1746 814 alcanzarla han expuesto á la muerte sus pro-
1043 815 1185 847 pias vidas?
1078 844 1750 880 Más la hermosa y gentil Beatriz la excelente
1047 877 1740 913 maestra de Alfonso triste estaba, porque en aque-
1045 911 1743 946 lla victoria había perdido a aquel á quien amaba
1046 943 1743 980 con amor de madre. Murió Alfonso, defendiendo
1047 976 1756 1013 heroicamente su Pátria, como le enseñó sa her-
1044 1010 1756 1046 mana Beatriz; sucumbió él, más triunfó su pue-
1048 1044 1760 1080 blo... Beatriz, huerfaña de madre, sola en el
1048 1079 1675 1114 mundo lloraba la muerte de su hermano.
1077 1110 1757 1146 Dos sentimientos diametralmente opuestos se
1056 1144 1746 1179 posesionase del corazón de Beatriz. Como
1052 1179 1760 1213 hermana llora la muerte del hermano querido;
1049 1211 1742 1246 pero como patriota alégrase de que el ser á
1048 1244 1748 1279 quien amara como una madre ama á su hijo
1052 1277 1758 1312 haya sabido sacrificar su vida en defensa de
1048 1311 1758 1346 los derechos inalienables de su Pátria, como
1047 1344 1492 1379 ella inculcó á el desde niño.
1080 1378 1752 1412 Pero, por fin, triunfa en ella el amor pá-
1046 1412 1750 1446 trio; enjuga sus lágrimas y se asocia de co-
1043 1446 1429 1480 razón al general alborozo.
1395 1487 1713 1519 DOLORES C. VELARDE.
1081 1581 1753 1615 A las ocho en punto empuñó la batuta el
1041 1614 1755 1648 maestro Rabl y la orquesta ejecutó, con sin-
1050 1648 1745 1681 gular delicadeza y gran riqueza de bellos ma-
1048 1681 1683 1717 tices, la admirable sinfonía de Egmont
1076 1712 1754 1746 La Pareto, Perea, Titta Ruffo, Mansueto, Ver-
1048 1747 1754 1779 darguer la Barca y Oliver, cantaron pecfecta-
1044 1780 1760 1812 mente los dos últimos actos de “El Barbero
1054 1813 1748 1845 de Sevilla’ obteniendo á cada paso muy rui-
1049 1845 1756 1879 dosos y entusiastas aplausos. Cantósé después
1045 1879 1757 1910 el tercer acto de "Aida," en el que brillaron
1045 1913 1759 1945 grandemente la Orduña, la Parti Leliva, Cigada
1052 1945 1747 1977 y Vidal. Puso digno remate á la fiesta la úl-
1048 1978 1766 2011 tima parte del programa; el gran Titta Ruffo
1054 2011 1755 2044 cantó, acompañado al piano por el maestro Po-
1053 2044 1762 2078 lastri, varias canciones italianas,, que hicieron
1042 2077 1757 2110 desbordar el entusiasmo de los oyentes, Las dijo
1049 2109 1753 2143 todas con arte sin rival, y haciendo en ocacio-
1054 2141 1760 2176 nes derroches inconcebibles de voz. “Marechai-
1043 2174 1760 2210 ari, Torna á Tórrento y Mari-Mari.” constitu-
1051 2207 1678 2243 yeron un verdedaro é inolvidable encanto.
1346 2244 1722 2280 SALOMÉ' NUÑEZ Y TÒPETE.
1085 2335 1773 2371 La Harina Lacteada Nestle se-
1053 2375 1759 2413 conserva en muy buen estado en los paises tro-
1050 2414 1650 2455 picales, sin necesidad de cuidado alguno.
