2610 3445
562 259 1912 299 FILIPINAS
207 404 2259 441 SEMANARIO ILUSTRADO DE CIENCIAS, LITERATURA, BELLAS ARTES, ECONOMÍA DOMESTICA, MODAS Y CONOCI
674 456 1797 493 MIENTOS ÚTILES, DEDICADO EXCLUSIVAMENTE Á LA MUJER
248 561 851 595 Directora: CONSTANCIA POBLETE.
1502 557 2214 592 Administradora: FRANCISCA GESMUNDO.
170 649 842 682 La mujer es la obra mas bella y acabada de la
449 676 545 709 creacion
197 735 776 769 En el mundo social el hombre reina y go-
171 763 837 799 bierna á las naciones; más la mujer impera en
164 793 302 826 el hombre.
1011 650 1469 682 Instruccion y virtud en la mujer
941 735 1562 769 Educar un hombre es formar un individuo
909 765 1566 798 que acaso nada deje tras sí; educar una mujer
915 795 1454 829 es formar las generaciones del porvenir.
1649 645 2300 682 La mujer sin cultura es una flor sin fragancia
1679 732 2295 766 La mujer ha nacido dulce y buena para crear
1655 762 2307 796 y embellecer la vida; como las flores son el en-
1643 792 1937 826 canto de los campos.
539 1010 1947 1045 A LAS DAMAS FILIPINAS
98 1134 602 1168 COMPATRIOTAS:—
224 1197 1206 1231 Nos honramos en ofrecer á Vdes. un Semanario
102 1239 1200 1273 Ilustrado de Ciencias, Literatura, Bellas Artes, Economía Do-
99 1281 1212 1315 méstica, Higiene, Medicinas Caseras-y Conocimientos Útiles
92 1323 1206 1357 dedicado exclusivamente á la mujer, que publicaremos desde
96 1365 776 1399 el mes próximo de Marzo de 1909.
230 1407 1202 1440 Su título será el mismo que sirve de epígrafe á estas
95 1451 188 1483 lineas.
230 1491 1218 1522 Nuestra humilde publicación trabajará sin tregua ni
101 1533 1203 1564 descanso, con el fin de que la filipina sea la MUJER IDEAL,
98 1573 1203 1609 poseedora de cuantas relevantes cualidades puedan hacer
101 1615 1206 1651 de ella una gloria indiscutible de la Pátria y de su sexo.
215 1656 1212 1689 Es inherente- á la mujer, cualesquiera que sean su
92 1698 1200 1732 edad, su estado y su posición social, un deseo instintivo,
89 1740 1206 1773 siempre poderoso y con frecuencia irresistible, de dominar
89 1782 1212 1813 en el corazón del hombre, de subyugarle á su voluntad,
93 1822 1211 1855 mediante los atractivos de que la Naturaleza ha dotado
92 1863 1209 1897 con liberalidad al sexo femenino, en justa compensación de
102 1908 1206 1939 la mayor suma de vigor físico que, con relación á nosotras,
99 1948 534 1981 disfruta el sexo varonil.
228 1990 1158 2023 El hombre, el varón, es el rey de la Creación, de la
98 2031 1214 2065 terrestre se entiende, queridas compatriotas, pues no al-
95 2071 1218 2106 canza más allá su poderío;—pero de ese rey pretende ser
90 2115 1223 2149 soberana y muchas veces lo consigue la mujer. Es el á
90 2157 1215 2191 manera de monarca constitucional que reina, pero no go-
101 2199 1014 2233 bierna. El verdadero gobierno, lo ejerce la mujer.
219 2241 1221 2272 Pero, observad, amigas queridas, que esa influencia,
101 2283 1221 2314 ese predominio, esa soberanía no la ejerce sobre el hombre
95 2325 1215 2358 la mujer, por el prestigio único de sus encantos naturales,
99 2365 1217 2400 no; pues bellas y muy hermosas son las mujeres turcas
101 2409 1212 2440 y circasianas, y aún las egipcias, las nubias, las japonesas,
87 2451 1221 2482 las chinas y otras de cien naciones más, las cuales, no
102 2491 1217 2524 obstante, viven sometidas á ominosa servidumbre por el
86 2535 1221 2566 sexo fuerte. Y es que esa especie de soberanía sobre el hombre,
95 2577 1230 2610 la disfrutan las mujeres que han tenido la imponderable dicha
92 2619 1226 2653 de nacer y educarse en el seno verdaderamente civilizador
90 2661 584 2697 de las naciones cristianas.
230 2703 1220 2739 En estas, el verdadero predominio moral de la mu-
98 2748 1236 2782 jer sobre el varón no es debido, en primer término, á la
99 2790 1227 2826 belleza física; débese principalmente al esplendor, en un
105 2832 1227 2869 todo espiritual, que emana de las virtudes cristianas en la
92 2877 1233 2911 mujer, al brillo de su inteligencia cultivada con el estudio
92 2922 1235 2958 y al realce precioso que á tan magníficas cualidades presta
95 2965 572 3000 una educación esmerada.
222 3012 1239 3045 Y si no, fíjense Vdes, en todo lo que á diario y de
1260 1134 2385 1168 á la pérdida inevitable de su hermosura corporal. Y sucede
1260 1176 2379 1210 casi siempre, que sobre las bellas solo de cuerpo, predo-
1275 1215 2387 1252 mina la que reune aquellas cualidades, enseñoreándose con
1271 1257 2382 1291 mayor presteza y seguridad del corazón de los hombres los
1268 1299 2390 1333 prestigiosos dones de un espíritu superior finamente cultivado-
1394 1341 2381 1377 ¿Qué hombre de mediano sentido común siquiera-
1271 1380 2390 1417 podría soportar, sin aburrirse de un modo atroz, la con-
1262 1423 2390 1458 versación durante una hora sola con una mujer hermosa-
1268 1467 1826 1503 pero muy sosa ó muy necia?
1397 1503 2399 1540 Queremos decir con estas digresiones, queridas com-
1271 1545 2387 1582 patriotas, que si aspiran Vdes., como es natural é innato
1269 1587 2388 1624 en todas nosotras, á mantener, si por ventura lo poseen
1271 1629 2379 1666 Vdes., ese dulce influjo ó predominio social sobre el hom-
1268 1669 2387 1705 bre, tan beneficioso para la sociedad misma cuando es ejer-
1266 1711 2379 1747 cido noblemente, es preciso que lo sepan Vdes, conquis-
1265 1753 2384 1789 tar y merecer. Recuerden siempre esta sabia máxima: Una
1263 1794 2390 1830 mujer sin cultura es una flor sin fragancia. Si
1271 1836 2390 1870 no tiene aroma una flor, por bella que sea, se mira y se
1274 1878 2396 1912 admira un momento no más, y luego se la deja á un
1268 1917 2390 1954 lado con desdén. Si acaso sirve para algo, es para real-
1265 1960 2391 1995 zar los encantos de otro ser, como una hermosa tonta.
1280 2002 2390 2037 realza los atractivos de una fea, pero graciosa y espiritual-
1406 2043 2396 2077 ¡Cultiven Vdes. su espíritu, hermoséen y engrandezean
1266 2083 2381 2119 su inteligencia de contínuo, amadas compatriotas nuestras!
1394 2124 2384 2161 Si el ser humano tiene algo de divino que le hace
1269 2166 2390 2203 semejante á su Criador, débelo exclusivamente á ese des-
1283 2208 2378 2245 tello de la Sabiduría Infinita, llamado razon humana-
1409 2250 2391 2287 No basta que seamos buenas; es preciso que sea-
1274 2292 2396 2329 mos discretas y entendidas. Tales cualidades podremos
1280 2332 2261 2371 adquirirlas mediante la instrucción y la educación:
1400 2374 2403 2413 Si queremos valer algo en la sociedad, en el seno
1286 2418 2396 2455 de nuestras respectivas familias, necesario es que sepamos
1287 2466 1454 2500 merecerlo.
1406 2505 2411 2539 La inteligencia es la soberana del mundo. Abrillan-
1278 2550 2420 2584 temos, pues, nuestra inteligencia, y entónces nuestro reinado
1292 2591 2423 2625 será tan duradero como justamente merecido. Tal es la no-
1293 2637 2436 2668 ble tarea que, como misión de su vida, se impondrá al
1292 2679 1571 2712 nacer FILIPINAS.
1413 2721 2436 2758 Nuestro Semanario se publicará en castellano y tagalog-
1293 2765 2439 2800 de ocho páginas, impresión esmerada, texto escogido y va-
1284 2809 2438 2845 riado, é ilustrado con grabados. Su precio de suscripción será
1290 2853 2457 2890 en Manila y sus arrabales UNA PESETA mensual; en pro-
1301 2897 2465 2935 vincias TREINTA CÉNTIMOS: pago anticipado. Nuestras
1299 2942 2460 2982 compatriotas que quieran favorecernos con su suscripción po-
1299 2987 2490 3027 drán enviar á la calle de Misericordia N.o 123, Sta. Cruz, Ma-
1301 3035 2489 3073 nila, una nota de sus nombres y apellidos y domicilio, inclu-
1310 3081 2477 3118 yendo en ella, al propio tiempo el pago anticipado de un mes
1302 3122 1575 3157 de suscripción.
1442 3168 2511 3216 No dudan en conseguir vuestra cooperación valiosisima.
1428 3215 1941 3252 as servidoras y compatriotas
1377 3281 1788 3315 Pura Tillanueva.
1979 3282 2480 3328 Constancia Poblete-
1514 3341 2349 3384 Pilar Lazaro. Felicidad Legaspi.
