2479 3508
1447 38 2211 164 Archive General de la Nación
1634 141 2000 237 HEMEROTECA
877 235 1524 429 FEMINA
476 469 1892 565 REVISTA DE LITERATURA, CIENCIAS Y ARTES
760 556 1616 638 CONSAGRADA A LA MUJER.
811 643 1552 732 DIRECTORA ADMINISTRADORA:
713 692 1674 800 PETRONILA ANGELICA GOMEZ.
999 760 1362 844 Maestra Normal.
1020 865 1360 961 REDACTORES:
704 924 1667 1013 MARIA L. ANGELIS DE CANINO,
263 976 2087 1100 PETRONILA A. GOMEZ. GONSUELO MONTALVO DE FRRIAS.
176 1142 331 1222 Año 2
760 1147 1653 1229 San Pedro de Macorís, Noviembre 15 de 1923
1970 1156 2176 1231 Nro. 31
235 1269 2115 1428 SOLUCIONANDO UN PROBLEMA
199 1477 1156 1611 PLENAMENTE convencidas de la
373 1564 1156 1639 necesidad de fomentar en Santo
378 1627 1156 1700 Domingo la noble causa que con
368 1684 1154 1740 tesonero afán hemos venido sus-
371 1735 1151 1808 tentando limitadas a nuestra trilo-
373 1792 1149 1850 gía periodistica, venimos hoy ar-
143 1841 1149 1899 madas del derecho a convocar a todas las
138 1892 1156 1953 nobles damas que alienten como nosotras
143 1937 1163 2019 en sus almas la hermosa idea redentora que
136 1996 1154 2059 anidó en nuestros corazones; el sublime
138 2057 1156 2115 pensamiento de penetrar en la psicología
129 2108 1142 2171 dominicana para llenar las páginas en blan-
131 2155 1158 2232 co que dejara en ella la mediocridad y el
143 2207 1151 2305 pesimismo de nuestra pretérita generación.
185 2286 1147 2406 Somos optimistas y por tanto, confiamos
136 2364 441 2460 en el triunfo.
183 2436 1144 2549 Si álguien nos llama visionarias, no im-
136 2523 1149 2598 porta. ¡Visionario fué llamado Colón antes
129 2589 1151 2662 de legar al mundo la hermosa realidad de
131 2633 579 2720 un hemisferio....!
195 2701 1149 2821 Visionarios fueron también llamados otros
124 2786 1149 2861 autores de obras monumentales que han
129 2849 1151 2910 dado al mundo luces y a los hombres pro-
145 2905 1142 2995 vecho, cuando tuvieron en embrión el pro-
138 2950 689 3039 yecto de sus creaciones.
178 3020 1151 3135 Nada de extraño tendrá que creamos rea-
127 3077 1149 3199 lizable este sueño de una moribunda noche.
134 3159 502 3253 del siglo veinte.
1243 1515 2221 1592 Es preciso poner en prácticá el hermoso,
1210 1581 2216 1644 plan de vida activa que daremos-a conocer
1194 1634 2211 1691 a nuestras compañeras en la primera asam-
1196 1688 2209 1770 blea que tenga lugar en esta república, para
1208 1731 2214 1817 poner en relieve nuestras actitudes, para
1194 1794 2216 1862 impartir con entereza nuestro pensar y co-
1196 1841 1949 1932 rregir las deficiencias del medio.
1245 1923 2209 2026 ¡Sedientas estamos de ciencia, de libertad
1198 2010 2211 2080 y de progreso, y a la fuente viva venimos a
1194 2059 1665 2155 mitigar nuestra sedi.
1241 2134 2216 2247 El cielo nos ofrece fosforescencias en sus
1191 2230 2211 2307 astros luminosos, y la tierra nos brinda su
1187 2289 2209 2378 frugifero suelo para cosechar el fruto que
1187 2340 2129 2422 dará sustento a nuestro espíritu soñador.
1241 2413 2200 2521 Luego, pletóricas de rica savia, vertere-
1191 2521 2207 2584 mos en nuevos surcos la fecundante semilla
1194 2570 2202 2652 que haga brotar en la nueva era la explen-
1194 2610 1871 2706 didez de una pradera en flor.
1243 2718 2197 2776 Venid pues, a compartir con nosotras,
1187 2769 2207 2859 queridas compañeras, el delicioso festín de
1194 2828 1623 2901 la unión femenina.
1241 2889 2204 2997 Y brindaremos en delicada copa por la
1182 2964 2200 3077 libertad de nuestra patria y por el triunfo de
1182 3037 1672 3131 la causa de la mujer.
1393 3133 2136 3264 CONSUELO MONTALVO DE FRIAS.
