2479 3508
290 133 574 240 Fémina
2111 142 2325 242 Página 2
419 243 1436 383 MELANCOLIAS.
1512 268 2211 366 (PENSANDO EN MI PATRIA OPRIMIDA)
1670 346 2001 448 Para "Fémina”.
302 460 601 570 ATARDECIA:
310 553 1286 636 El sol rojizo cual globo de fuego, enviaba:
261 614 1289 684 sus últimos rayos hacia un panorama del
261 679 1278 741 verdor.... Aquí, las aladas mariposas re-
261 733 1271 787 voloteando en torno de las flores, para depo-
257 778 1280 843 sitar en sus corolas el postrer beso del día;
255 840 1282 898 allá.... los nacárados jazmines saturando
255 896 1282 953 el ambiente con su embriagador perfume;
255 946 1283 1029 los pájaros preludiando alegres trinos y el
253 1000 1233 1070 horizonte tiféndose de (azúl) y grana.....
308 1055 1128 1110 Languidecía la tarde; tarde otoñal!
308 1109 1277 1177 Ocultóse por fin en el ocaso, el astro rey,
255 1146 1277 1225 moribundo ya, y nubes vaporosas envolvié-
258 1211 1286 1278 ronlo.... Después.... el cielo de un azul.
264 1269 1268 1334 purísimo tachonado de estrellas, cual fúlgi-
255 1325 1268 1387 dos brillantes, semejaba el manto de la Vir-
258 1383 1278 1440 gen Inmaculada; mientras por Oriente aso-
253 1439 1281 1497 maba apacible su pálido semblante la Se-
255 1473 1286 1552 lemne Diosa, la picarezca emperatriz de la
258 1543 1277 1610 noche, poseedora de los secretos nocturnos,
253 1591 1281 1661 haciendo refractar con sus rayos luminosos.
253 1645 1291 1728 sobre las cristalinas aguas de un riachuelo
257 1693 1007 1772 vecino, el cuadro que admiraba.
1378 473 2352 554 A la sombra de un árbol, sentada, reci-
1333 533 2359 614 biendo los ricos perfumes que traía la brisa,
1330 596 2364 653 contemplaba los encantos de la Naturaleza.
1333 649 2365 723 y me decía: "En otros países no dibuja el
1330 703 2367 764 sol tan ricos panoramas como en mi amada.
1335 756 1607 838 Quisqueya!
1384 788 2367 887 Meditaba; qué pensaba?.... Ahí en mi
1327 863 2364 937 patria cautiva, en mi bella tierra subyugada.
1336 920 1737 995 por el extranjero!
1378 965 2361 1040 Pero no, que si el sexo fuerte con su poder
1324 1007 2358 1092 no puede rescatarla, nosotras las que imi-
1324 1082 2358 1146 tando a Juana de Arco, allá en la potente
1333 1135 2359 1201 Francia y a nuestra heroma Trinidad Sán-
1336 1192 2363 1256 chez, aprontaremos con su ejemplo nuestro.
1324 1249 2124 1317 caudal de fe, amor y patriotismo;
1384 1278 2355 1362 Esto pensaba en una tarde Otoñal, al
1330 1356 2358 1419 contemplar la hermosura del paisaje; la
1333 1406 2365 1473 puesta de sol de mi ciudad; y de entusiasmos
1324 1464 2358 1525 el alma llena, iviva mi Duisqueya! ¡Viva-
1327 1520 2361 1585 la ciudad poética que hace soñar con lo
1327 1569 1782 1662 ideal! Así exclamé.
1940 1620 2298 1713 PURA PUELLO.
1321 1692 2209 1768 Santo Domingo, Octubre 16. de 1923.
909 3156 1714 3270 Otra Vista de la Playa de Boca Chica.
