2479 3508
226 151 436 243 Página 3
1957 167 2233 274 Fémina
1099 937 1900 1128 Tengo dos Patrias...
1169 1134 1968 1281 A Dn Fed. Manríquez y Carvajan.
1055 1377 1921 1489 Tengo dos patrias, Cuba y Quisqueya;
991 1487 1677 1550 ambas me dieron vida y amor.
991 1539 1768 1619 Así en mi afecto junto a la Estrella.
994 1612 1680 1727 la Cruz asoma, como una flor.
1050 1733 1833 1837 Tengo dos patrias con su bandera;
994 1821 1689 1914 cuánta mi dicha y mi gloria es!
985 1906 1755 1986 en una, encarna mi edad primera;
994 1960 1707 2074 mi amor, en otra, tuvo su Edén,
1031 2053 1677 2187 En sus anhelos el alma mía,
991 2183 1742 2259 por arte y magia de un dios titan,
985 2249 1677 2331 a esas dos patrias unir querría.
988 2308 1666 2419 Borrando sirtes, playas y mar.
1035 2412 1717 2525 Que sus banderas en una sola.
982 2521 1696 2606 diera, a los besos del rubio sol,
982 2593 1774 2676 como un pedazo de alma españcla,
982 2655 1726 2784 la Estrella, gloria; la Cruz, amor.
1258 2767 1899 2921 Isabel A. Vda. PELLERANO.
984 2883 1311 3019 Octubre 1923.
