2479 3508
300 162 569 253 Fémina
2088 155 2304 244 Página 4
753 1627 1863 1731 Una Vista de la Piaya de Boca Chica.
950 1797 1772 1975 Armonías Votivas
405 2047 992 2156 Delicioso paraje de leyenda,
359 2116 746 2188 encantadora Villa!
362 2156 1090 2222 Por el seguro de tus viejas glorias,
362 2216 1047 2283 desde el alcázar de tus fantasías,
366 2260 880 2322 exaltas al poético delirio.
362 2301 757 2358 y pones en la rima
362 2330 1032 2403 la imájen de Sultana legendaria,
366 2392 965 2466 anhelosa, romántica y altiva!
406 2452 794 2521 Encantadora Villa.
362 2489 989 2580 que mueves al poético delirio!
369 2558 743 2613 Anhelosa pareces,
372 2571 1116 2649 porque es estrecho para tí el retiro;
374 2635 1105 2695 porque te ciñe abrazo de montañas,
362 2684 1032 2739 como muralla de feudal castillo,
372 2731 1137 2780 que aprisionar quisiera tus ensueños
372 2774 1151 2845 y antes que agenos, sepultarlos vivos!
409 2823 849 2895 Ciudad encantadora:
372 2872 758 2942 Romántica te digo.
372 2923 1217 3006 porque es la virgen alma de tus virgenes.
366 2975 782 3029 tu tesoro y tu asilo:
372 3000 1137 3086 (almas blancas, nenúfares que bogan
362 3058 830 3108 en remansos divinos!)
369 3086 1026 3159 La dulce moradora de tus larés
374 3151 865 3220 prodiga en tus recintos.
1402 2061 2112 2145 lo que las primaveras te negaron:
1410 2131 2018 2200 belleza y lozanías de paraíso!
1454 2185 2193 2254 Sultana legendaria que te entregas
1407 2247 2153 2312 a la añoranza de los tiempos idos....
1419 2286 1861 2344 Yo te aseguro Altiva,
1413 2319 2134 2394 porque luciste los laureles inclitos;
1406 2384 1939 2431 de los tiempos brillantes,
1413 2408 2145 2472 cuando la Gloria fabricaba nimbos!
1414 2467 2146 2521 Y te inmortalizastes en las páginas,
1410 2510 2191 2571 que a tu grandeza reservó el destino,
1407 2558 2191 2615 cuando bajo tu cielo, entre montañas,
1410 2600 2059 2663 brotó la roja flor del heroismo!
1459 2658 1873 2722 Peravia de leyenda,
1407 2704 1862 2765 que anhelosa y altiva,
1406 2735 2091 2814 desde las eminencias del pasado
1407 2804 2091 2855 a más felices lontananzas miras:
1407 2847 2180 2906 Para el brumoso devenir del tiempo,
1413 2890 2145 2945 sea faro la esperanza que te anima,
1407 2934 2217 2988 y en la noble ambición lleves la fragua
1413 2984 2193 3051 donde forjar los sueños que fabricas:
1416 3026 1851 3071 y así se diamanticen.
1407 3066 1844 3137 los ciclos de tu vida!.
1894 3084 2283 3185 JUAN G. BLANCO.
1407 3122 1653 3227 Julio, 1923.
