2479 3508
221 165 433 274 Página 5
1925 177 2197 295 Femina
371 287 2030 416 LOS HORRORES DE LA ESPECULACION EGOISTA.
775 410 1637 517 ANECDOTA POR C. FUENTE DE RISCO.
1517 513 2135 616 Para la culta revista "Fémina”
223 678 1185 792 EN una ciudad comercial muy civilizada
190 763 1179 833 E y próspera en apariencia, a juzgar por
183 806 1181 886 las opulentas mansiones de los millonarios.
179 876 1173 944 el confort de los edificios y recreos públi-
186 930 1175 991 cos, y el vivo movimiento de los negocian-
186 979 1179 1043 tes, hay una pronunciada escasés de frutos;
190 1035 1187 1095 y los demás artículos de alimentación están
183 1086 1179 1148 demasiado caros, a causa de esta coyuntura
179 1138 1177 1200 que es hábilmente explotada por los espe-
181 1191 1181 1255 culadores. El agradable banano hace más
183 1245 1181 1319 de un semestre que ni aún en la mesa de
183 1286 1171 1362 los ricos se ve. El pueblo pobre, muy nu-
186 1350 1177 1404 meroso, sufre, y ruega a Dios porque la
179 1395 1173 1463 cosecha que se espera, tenga tiempo propi-
183 1459 1177 1521 cio, aunque los cultivos pertenecen a los
183 1507 1177 1562 ricos, que le obligan a trabajar por misero.
179 1560 1173 1620 salario, y luego les venden caros los pro-
179 1612 1177 1670 ductos que ese mismo pueblo desheredado.
173 1665 1173 1721 sembró y cultivó con el sudor de su frente.
229 1717 1171 1781 En lo más agudo de la crisis llega un
183 1771 1160 1832 pequeño barco cargado del apetecido ba-
173 1818 1177 1884 nano, procedente de un pueblo, donde la
173 1870 1177 1936 ausencia del egoismo especulador hace que
173 1917 1173 1985 Dios mantenga la abundancia en aquellas
173 1983 1177 2041 tierras. Los habitantes, en vista de que
167 2028 1171 2086 la cantidad que sus campos le suministran
171 2076 1179 2146 supera en mucho al consumo, buscan los
183 2138 1173 2203 pueblos donde hay escasés para vaciar el
171 2189 1169 2249 sobrante de sus cosechas: los anima un es-
179 2236 1171 2298 píritu de caridad y no de especulación; al
173 2294 1171 2360 vender sólo cargan los gastos del transpor:
167 2346 1165 2416 te al precio del artículo en el sitio de pro-
167 2401 1165 2461 cedencia; no necesitan ganar porque en
169 2459 1165 2529 dicho pheblo no hay “especuladores", sino
177 2500 855 2570 que todos son “productores".
225 2521 1171 2620 El barco deposita su carga en el muelle,
171 2595 1169 2667 y la muchedumbre, hambrienta y novelera,
167 2657 1171 2725 corre a comprar; el dueño se ve compelido
165 2715 1165 2774 a vender al detalle, aunque no era esta su
161 2762 1171 2834 intención. La jente se queda estupefacta
167 2818 1165 2873 al oir el exiguo precio que se le pide: ¡Me¬
161 2875 1165 2931 dio centavo cada uno, cuando a cinco cen-
167 2917 1169 2999 tavos serían demasiado baratos! Esta fué
171 2964 1163 3032 la silenciosa exclamación de todos; les pa-
167 3030 1171 3090 recía que estaban soñando. Fue cosa de
161 3080 1163 3135 tres segundos: cuando el pueblo quiso sa-
157 3131 1169 3220 lir de su estupor, ya se había adelantado,
1218 684 2226 785 un especulador con capital, que dijo al
1218 769 1395 853 dueño:
1315 787 2222 901 —No se moleste en abrir los bultos y
1224 884 2228 946 vender al detalle; yo los compro todos; son
1226 930 1342 1010 míos.
1266 958 2220 1059 Antes de anochecer, el barco estaba des¬
1226 1031 2218 1103 pachado, y los bananos eran colocados en
1222 1099 2216 1154 el depósito del especulador, quien viendo
1216 1138 2216 1214 la multitud hambrienta que se empeñaba
1218 1200 2216 1266 en comprar—cual primero—no mostraba
1231 1245 2218 1311 prisa por vender. La estación era caluro-
1222 1301 2218 1371 sa, y al día siguiente ya algunos bauanos
1224 1356 2214 1431 empezaron a madurarse en sus envases,
1216 1410 1878 1468 sin que nadie lo sospechase.
1266 1437 2214 1525 Dicho comerciante, el día de la compra
1233 1511 2222 1577 pensó que debía conformarse con vender al
1212 1567 2216 1630 ocho centavos, ganando sobriamente siete
1224 1618 2216 1680 y medio centavos en cada banano. Pero
1222 1668 2210 1727 en la mañana siguiente, al abrir su esta-
1218 1715 2208 1785 blecimiento, se le presentó otro especula-
1212 1779 2214 1843 dor, que había sabido los pormenores de la
1216 1828 2208 1880 compra, y venía a ofrecerle cinco centavos
1222 1878 2214 1940 por cada uno si se los vendía todos, de
1218 1929 2208 2001 modo de él poder vender sin competencia.
1305 1981 2203 2043 —Ohl nó, contestó aquél; yo puedo ven-
1216 2034 2203 2096 der corriendo a diez centavos, y por benes
1218 2088 2201 2154 volencia voy a fijar el precio de detalle a
1206 2140 2210 2208 ocho; ahora, si Ud. quiere, para que vea
1218 2197 2216 2249 que deseo compartir con Ud. la lonja que
1216 2247 2208 2311 me ha deparado Mercurio, se los pongo a
1210 2296 2203 2364 siete centavos, y se los dejo todos sin sacar
1216 2346 1431 2420 uno solo.
1307 2362 2201 2482 —Bien; antes de las 12 mi le daré con-
1206 2449 1818 2533 testación si los tomo o nó.
1299 2511 1583 2572 —Convenido.
1253 2519 2210 2622 A las 11z45 ai quedó cerrado el trato
1216 2599 2203 2671 por teléfono, y el resto del día se gastó en
1206 2665 2195 2729 transportar los bultos intactos de un de¬
1206 2713 2195 2779 pósito a otro, mientras la muchedumbre
1208 2774 2199 2836 corría detrás de los carretones pidiendo
1204 2826 2203 2888 que les vendiesen. Entre tanto pasó este
1200 2873 2197 2931 día, y el fruto seguía madurándose con tal
1206 2925 2197 2983 rapidez, que amenazaba pérdidas. Pero el
1200 2981 2197 3030 nuevo dueño no sabía ésto, ni se preocupa-
1210 3030 2197 3096 ba en averiguarlo, porque estaba asediado
1210 3084 2195 3148 por otros especuladores que querían com-
1206 3135 2197 3209 prarle toda la existencia. Al otro día
