<?xml version="1.0" encoding="UTF-8" standalone="yes"?>
<PcGts xmlns="http://schema.primaresearch.org/PAGE/gts/pagecontent/2013-07-15" xmlns:xsi="http://www.w3.org/2001/XMLSchema-instance" xsi:schemaLocation="http://schema.primaresearch.org/PAGE/gts/pagecontent/2013-07-15 http://schema.primaresearch.org/PAGE/gts/pagecontent/2013-07-15/pagecontent.xsd">
    <Metadata>
        <Creator>prov=READ-COOP:name=PyLaia@TranskribusPlatform:version=2.43.0:model_id=558697:lm=none:date=12_05_2026_10:40</Creator>
        <Created>2025-10-15T18:38:20.811+02:00</Created>
        <LastChange>2026-05-29T22:01:38.906+02:00</LastChange>
        <TranskribusMetadata docId="11368977" pageId="104387431" pageNr="7" tsid="289870631" status="IN_PROGRESS" userId="500001" imgUrl="https://files.transkribus.eu/Get?fileType=view&amp;id=HGGQSYGTKIOTJJFNKYTHLRWP" xmlUrl="https://files.transkribus.eu/Get?id=OIHUBFIQVWOLAWZCZNDLBHJT" imageId="87597391"/>
    </Metadata>
    <Page imageFilename="0007_p007.jpg" imageWidth="2479" imageHeight="3508">
        <ReadingOrder>
            <OrderedGroup id="ro_1781166505858" caption="Regions reading order">
                <RegionRefIndexed index="0" regionRef="r"/>
                <RegionRefIndexed index="1" regionRef="r_2"/>
                <RegionRefIndexed index="2" regionRef="r_1"/>
                <RegionRefIndexed index="3" regionRef="r_3"/>
            </OrderedGroup>
        </ReadingOrder>
        <TextRegion id="r" custom="readingOrder {index:0;}">
            <Coords points="262,255 262,192 1289,192 1289,255"/>
            <TextLine id="l" custom="readingOrder {index:0;}">
                <Coords points="287,238 416,246 428,237 460,253 517,240 571,255 570,188 525,159 503,174 456,175 428,174 406,153 385,156 371,143 323,160 287,157"/>
                <Baseline points="295,217 320,217 345,217 370,217 396,218 421,219 446,220 471,220 497,220 522,220 547,218 573,217"/>
                <TextEquiv>
                    <Unicode>Fémina</Unicode>
                </TextEquiv>
            </TextLine>
            <TextEquiv>
                <Unicode></Unicode>
            </TextEquiv>
        </TextRegion>
        <TextRegion id="r_2" custom="readingOrder {index:1;}">
            <Coords points="1325,270 1325,194 2370,194 2370,270"/>
            <TextLine id="l_56" custom="readingOrder {index:0;}">
                <Coords points="2108,241 2165,253 2201,244 2251,254 2264,246 2282,258 2309,260 2311,173 2262,180 2239,165 2206,188 2177,169 2156,179 2134,171 2110,175"/>
                <Baseline points="2116,220 2144,222 2172,223 2200,223 2228,223 2256,223 2284,221 2313,220"/>
                <TextEquiv>
                    <Unicode>Página 6</Unicode>
                </TextEquiv>
            </TextLine>
            <TextEquiv>
                <Unicode></Unicode>
            </TextEquiv>
        </TextRegion>
        <TextRegion id="r_1" custom="readingOrder {index:2;}">
            <Coords points="1289,255 1289,3224 262,3224 262,255"/>
            <TextLine id="l_1" custom="readingOrder {index:0;}">
                <Coords points="258,327 1277,325 1267,267 941,285 613,246 481,281 419,245 258,294"/>
                <Baseline points="265,319 315,319 366,321 417,320 468,322 518,322 569,322 620,322 671,322 721,322 772,323 823,324 874,324 924,325 975,325 1026,325 1077,325 1127,324 1178,322 1229,320 1280,319"/>
                <TextEquiv>
                    <Unicode>vendió en conjunto, sin abrir un solo en-</Unicode>
                </TextEquiv>
            </TextLine>
            <TextLine id="l_2" custom="readingOrder {index:1;}">
                <Coords points="260,376 1280,385 1272,325 946,361 260,327"/>
                <Baseline points="268,376 318,374 369,376 420,376 471,376 521,376 572,379 623,377 674,378 724,376 775,376 826,376 877,379 927,379 978,379 1029,378 1080,377 1130,379 1181,379 1232,379 1283,373"/>
                <TextEquiv>
                    <Unicode>vase (está era condición que exigía el nue¬</Unicode>
                </TextEquiv>
            </TextLine>
            <TextLine id="l_3" custom="readingOrder {index:2;}">
                <Coords points="260,448 1280,461 1278,383 259,385"/>
                <Baseline points="268,426 318,423 369,426 420,426 471,428 521,431 572,432 623,429 674,429 724,428 775,427 826,429 877,429 927,429 978,432 1029,432 1080,432 1130,431 1181,429 1232,429 1283,429"/>
                <TextEquiv>
                    <Unicode>vo comprador, para tener un monopolio.</Unicode>
                </TextEquiv>
            </TextLine>
            <TextLine id="l_4" custom="readingOrder {index:3;}">
                <Coords points="258,516 329,490 1218,508 1218,451 1092,441 258,448"/>
                <Baseline points="265,483 312,483 360,483 408,483 456,483 504,483 551,483 599,483 647,483 695,481 743,482 790,483 838,483 886,480 934,483 982,486 1029,483 1077,486 1125,485 1173,484 1221,486"/>
                <TextEquiv>
                    <Unicode>exclusivo), a diez centavos cada banano.</Unicode>
                </TextEquiv>
            </TextLine>
            <TextLine id="l_5" custom="readingOrder {index:4;}">
                <Coords points="312,552 1196,561 1277,552 1277,506 311,490"/>
                <Baseline points="319,537 367,534 415,537 463,537 511,537 559,537 607,537 655,537 703,539 751,540 799,538 847,537 895,537 943,537 991,537 1039,540 1087,540 1135,540 1183,539 1231,538 1280,543"/>
                <TextEquiv>
                    <Unicode>El especuladar que compró se prometía</Unicode>
                </TextEquiv>
            </TextLine>
            <TextLine id="l_6" custom="readingOrder {index:5;}">
                <Coords points="260,607 1280,613 1264,550 260,544"/>
                <Baseline points="268,585 318,588 369,591 420,591 471,591 521,591 572,589 623,591 674,591 724,593 775,591 826,591 877,591 927,591 978,591 1029,591 1080,591 1130,594 1181,593 1232,591 1283,591"/>
                <TextEquiv>
                    <Unicode>vender a doce o a quince centavos, seguro</Unicode>
                </TextEquiv>
            </TextLine>
            <TextLine id="l_7" custom="readingOrder {index:6;}">
                <Coords points="255,665 1272,662 1260,601 255,608"/>
                <Baseline points="262,638 312,641 363,642 413,644 464,644 515,642 565,641 616,644 666,644 717,644 768,644 818,644 869,642 919,643 970,644 1021,644 1071,644 1122,643 1172,642 1223,644 1274,644"/>
                <TextEquiv>
                    <Unicode>en la gran demanda. Pero éste recibió</Unicode>
                </TextEquiv>
            </TextLine>
            <TextLine id="l_8" custom="readingOrder {index:7;}">
                <Coords points="258,714 1277,722 1277,669 1231,660 258,665"/>
                <Baseline points="265,695 315,698 366,697 417,696 468,698 518,696 569,697 620,698 671,698 721,698 772,697 823,696 874,698 924,698 975,698 1026,701 1077,698 1127,700 1178,698 1229,698 1280,698"/>
                <TextEquiv>
                    <Unicode>análogas proposiciones de compra de otros</Unicode>
                </TextEquiv>
            </TextLine>
            <TextLine id="l_9" custom="readingOrder {index:8;}">
                <Coords points="255,764 1278,768 1278,718 1244,714 701,709 629,740 255,713"/>
                <Baseline points="262,746 312,749 363,749 414,750 465,750 516,749 567,749 618,752 669,752 720,752 771,751 821,750 872,752 923,754 974,755 1025,755 1076,752 1127,751 1178,750 1229,752 1280,752"/>
                <TextEquiv>
                    <Unicode>especuladores. Aun cambiaron de este</Unicode>
                </TextEquiv>
            </TextLine>
            <TextLine id="l_10" custom="readingOrder {index:9;}">
                <Coords points="255,821 1258,838 1277,768 254,772"/>
                <Baseline points="262,803 312,803 363,803 414,803 465,803 516,803 567,803 618,803 669,803 720,806 771,806 821,806 872,806 923,806 974,806 1025,809 1076,807 1127,808 1178,807 1229,809 1280,806"/>
                <TextEquiv>
                    <Unicode>modo tres veces más de depósito durante</Unicode>
                </TextEquiv>
            </TextLine>
            <TextLine id="l_11" custom="readingOrder {index:10;}">
                <Coords points="258,867 1271,869 1240,825 1074,811 258,824"/>
                <Baseline points="265,856 315,856 365,856 416,856 466,856 517,856 567,858 618,859 668,859 719,859 769,859 819,858 870,858 920,859 971,861 1021,862 1072,862 1122,859 1173,861 1223,859 1274,859"/>
                <TextEquiv>
                    <Unicode>una semana, aumentando escandalosamen-</Unicode>
                </TextEquiv>
            </TextLine>
            <TextLine id="l_12" custom="readingOrder {index:11;}">
                <Coords points="267,927 1264,932 1264,884 1224,870 267,870"/>
                <Baseline points="274,907 323,910 373,910 423,910 472,910 522,910 572,912 621,913 671,910 721,913 771,913 820,911 870,913 920,913 969,915 1019,914 1069,915 1118,913 1168,913 1218,916 1268,913"/>
                <TextEquiv>
                    <Unicode>te el precio cada vez. El último especulas</Unicode>
                </TextEquiv>
            </TextLine>
            <TextLine id="l_13" custom="readingOrder {index:12;}">
                <Coords points="255,983 1278,991 1278,930 255,937"/>
                <Baseline points="262,961 312,961 363,962 414,964 465,964 516,964 567,962 618,964 669,967 720,966 771,964 821,965 872,965 923,969 974,967 1025,967 1076,967 1127,967 1178,967 1229,965 1280,967"/>
                <TextEquiv>
                    <Unicode>dor compró a razón de quince centavos</Unicode>
                </TextEquiv>
            </TextLine>
            <TextLine id="l_14" custom="readingOrder {index:13;}">
                <Coords points="258,1036 1152,1065 1271,1037 1269,992 256,996"/>
                <Baseline points="265,1012 315,1018 365,1018 416,1018 466,1018 517,1020 567,1021 618,1018 668,1021 719,1021 769,1021 819,1021 870,1021 920,1023 971,1022 1021,1024 1072,1024 1122,1024 1173,1024 1223,1023 1274,1018"/>
                <TextEquiv>
                    <Unicode>cada uno, prometiéndose una gran ganan-</Unicode>
                </TextEquiv>
            </TextLine>
            <TextLine id="l_15" custom="readingOrder {index:14;}">
                <Coords points="255,1097 361,1080 795,1095 786,1035 473,1041 380,1019 255,1044"/>
                <Baseline points="262,1068 288,1068 315,1069 342,1070 369,1070 395,1068 422,1070 449,1071 476,1071 502,1071 529,1071 556,1071 583,1071 609,1071 636,1071 663,1071 690,1071 716,1071 743,1073 770,1074 797,1074"/>
                <TextEquiv>
                    <Unicode>cia al vender a veinte.</Unicode>
                </TextEquiv>
            </TextLine>
            <TextLine id="l_16" custom="readingOrder {index:15;}">
                <Coords points="312,1138 1278,1155 1277,1085 1098,1070 312,1081"/>
                <Baseline points="319,1122 367,1122 415,1125 463,1125 511,1125 559,1125 607,1126 655,1126 703,1127 751,1126 799,1125 847,1127 895,1128 943,1128 991,1128 1039,1131 1087,1131 1135,1131 1183,1131 1231,1130 1280,1128"/>
                <TextEquiv>
                    <Unicode>Al abrir los envases encontró que ya un</Unicode>
                </TextEquiv>
            </TextLine>
            <TextLine id="l_17" custom="readingOrder {index:16;}">
                <Coords points="255,1186 1272,1208 1272,1153 1213,1138 255,1141"/>
                <Baseline points="262,1176 312,1176 363,1178 413,1176 464,1176 515,1178 565,1179 616,1179 666,1179 717,1182 768,1179 818,1179 869,1181 919,1182 970,1184 1021,1182 1071,1182 1122,1185 1172,1185 1223,1184 1274,1182"/>
                <TextEquiv>
                    <Unicode>setenta y cinco por ciento estaban dañados.</Unicode>
                </TextEquiv>
            </TextLine>
            <TextLine id="l_18" custom="readingOrder {index:17;}">
                <Coords points="258,1237 1271,1253 1271,1206 1217,1188 258,1193"/>
                <Baseline points="265,1227 315,1230 365,1230 416,1230 466,1230 517,1232 567,1233 618,1233 668,1233 719,1233 769,1236 819,1236 870,1236 920,1236 971,1238 1021,1238 1072,1238 1122,1238 1173,1237 1223,1238 1274,1238"/>
                <TextEquiv>
                    <Unicode>Chasqueado por la pérdida, pudo separar</Unicode>
                </TextEquiv>
            </TextLine>
            <TextLine id="l_19" custom="readingOrder {index:18;}">
                <Coords points="260,1302 1273,1304 1273,1257 1209,1248 260,1236"/>
                <Baseline points="268,1283 318,1283 368,1286 419,1285 469,1284 520,1286 570,1286 621,1286 671,1286 722,1286 772,1286 822,1287 873,1289 923,1289 974,1291 1024,1289 1075,1289 1125,1289 1176,1289 1226,1289 1277,1292"/>
                <TextEquiv>
                    <Unicode>la cuarta parte 15,000 bananos) aun sanos,</Unicode>
                </TextEquiv>
            </TextLine>
            <TextLine id="l_20" custom="readingOrder {index:19;}">
                <Coords points="264,1363 1277,1353 1277,1311 1195,1300 264,1302"/>
                <Baseline points="271,1337 321,1337 371,1337 422,1338 472,1340 523,1340 573,1340 624,1340 674,1340 725,1340 775,1340 825,1341 876,1343 926,1345 977,1344 1027,1343 1078,1343 1128,1346 1179,1344 1229,1345 1280,1343"/>
                <TextEquiv>
                    <Unicode>pero amenazando dañarse pronto. Para</Unicode>
                </TextEquiv>
            </TextLine>
            <TextLine id="l_21" custom="readingOrder {index:20;}">
                <Coords points="256,1402 1191,1427 1273,1416 1272,1362 255,1369"/>
                <Baseline points="262,1391 312,1391 363,1391 413,1391 464,1391 515,1393 565,1394 616,1394 666,1394 717,1394 768,1393 818,1397 869,1397 919,1397 970,1397 1021,1397 1071,1397 1122,1397 1172,1397 1223,1397 1274,1397"/>
                <TextEquiv>
                    <Unicode>aminorar la pérdida creyó necesario fijar</Unicode>
                </TextEquiv>
            </TextLine>
            <TextLine id="l_22" custom="readingOrder {index:21;}">
                <Coords points="260,1450 1043,1477 1271,1468 1271,1423 259,1411"/>
                <Baseline points="268,1442 318,1444 368,1444 418,1444 469,1444 519,1444 569,1444 620,1447 670,1447 720,1447 771,1447 821,1448 871,1450 921,1450 972,1450 1022,1450 1072,1450 1123,1450 1173,1450 1223,1450 1274,1444"/>
                <TextEquiv>
                    <Unicode>el tipo de detalle a cincuenta centavos ca-</Unicode>
                </TextEquiv>
            </TextLine>
            <TextLine id="l_23" custom="readingOrder {index:22;}">
                <Coords points="258,1516 1271,1523 1271,1469 1209,1458 258,1447"/>
                <Baseline points="265,1498 315,1498 365,1498 416,1498 466,1498 517,1498 567,1500 618,1501 668,1501 719,1501 769,1504 819,1504 870,1504 920,1504 971,1504 1021,1504 1072,1504 1122,1504 1173,1506 1223,1504 1274,1504"/>
                <TextEquiv>
                    <Unicode>da fruto, y como el pueblo pobre no podría</Unicode>
                </TextEquiv>
            </TextLine>
            <TextLine id="l_24" custom="readingOrder {index:23;}">
                <Coords points="255,1552 1272,1571 1250,1519 255,1521"/>
                <Baseline points="262,1546 312,1549 363,1550 413,1552 464,1554 515,1553 565,1550 616,1552 666,1555 717,1555 768,1556 818,1558 869,1558 919,1558 970,1558 1021,1558 1071,1558 1122,1559 1172,1560 1223,1559 1274,1558"/>
                <TextEquiv>
                    <Unicode>comprarlos, se apresuró a anunciarlo por</Unicode>
                </TextEquiv>
            </TextLine>
            <TextLine id="l_25" custom="readingOrder {index:24;}">
                <Coords points="265,1611 1134,1641 1273,1624 1272,1572 264,1565"/>
                <Baseline points="271,1603 321,1603 371,1604 421,1605 472,1604 522,1606 572,1606 623,1606 673,1609 723,1612 774,1609 824,1609 874,1609 924,1611 975,1612 1025,1612 1075,1612 1126,1612 1176,1612 1226,1612 1277,1612"/>
                <TextEquiv>
                    <Unicode>teléfono a los hogares de los ricos, en estos</Unicode>
                </TextEquiv>
            </TextLine>
            <TextLine id="l_26" custom="readingOrder {index:25;}">
                <Coords points="258,1659 1271,1683 1271,1633 1229,1624 258,1607"/>
                <Baseline points="265,1656 315,1656 365,1659 416,1658 466,1656 517,1658 567,1659 618,1659 668,1662 719,1662 769,1662 819,1662 870,1664 920,1665 971,1665 1021,1665 1072,1665 1122,1668 1173,1665 1223,1665 1274,1668"/>
                <TextEquiv>
                    <Unicode>términos: "Acabo de recibir una pequeña</Unicode>
                </TextEquiv>
            </TextLine>
            <TextLine id="l_27" custom="readingOrder {index:26;}">
                <Coords points="258,1730 1271,1740 1271,1684 258,1684"/>
                <Baseline points="265,1707 315,1710 365,1713 416,1713 466,1713 517,1713 567,1713 618,1713 668,1716 719,1716 769,1717 819,1719 870,1719 920,1719 971,1719 1021,1719 1072,1719 1122,1719 1173,1719 1223,1719 1274,1719"/>
                <TextEquiv>
                    <Unicode>cantidad de bananos maduros. La deman¬</Unicode>
                </TextEquiv>
            </TextLine>
            <TextLine id="l_28" custom="readingOrder {index:27;}">
                <Coords points="258,1772 1281,1799 1280,1742 256,1731"/>
                <Baseline points="265,1764 315,1761 366,1765 417,1767 468,1767 519,1767 570,1767 621,1770 672,1770 723,1771 774,1773 824,1772 875,1772 926,1773 977,1773 1028,1773 1079,1773 1130,1773 1181,1773 1232,1773 1283,1776"/>
                <TextEquiv>
                    <Unicode>da es grande y la existencia poca. Haga</Unicode>
                </TextEquiv>
            </TextLine>
            <TextLine id="l_29" custom="readingOrder {index:28;}">
                <Coords points="258,1833 785,1838 785,1786 744,1781 258,1785"/>
                <Baseline points="265,1818 291,1818 317,1818 343,1818 369,1819 395,1821 421,1821 448,1821 474,1821 500,1821 526,1821 552,1821 578,1821 604,1821 631,1821 657,1821 683,1821 709,1821 735,1821 761,1822 788,1827"/>
                <TextEquiv>
                    <Unicode>su pedido en el acto”.</Unicode>
                </TextEquiv>
            </TextLine>
            <TextLine id="l_30" custom="readingOrder {index:29;}">
                <Coords points="314,1883 1268,1900 1238,1836 1142,1857 1046,1817 920,1848 814,1816 720,1845 314,1829"/>
                <Baseline points="322,1868 369,1868 416,1871 464,1871 511,1872 559,1874 606,1874 654,1874 701,1874 749,1876 796,1877 843,1877 891,1879 938,1880 986,1880 1033,1880 1081,1880 1128,1880 1176,1880 1223,1877 1271,1877"/>
                <TextEquiv>
                    <Unicode>Dos millonarios se dieron prisa en rega-</Unicode>
                </TextEquiv>
            </TextLine>
            <TextLine id="l_31" custom="readingOrder {index:30;}">
                <Coords points="259,1952 1282,1947 1281,1891 258,1883"/>
                <Baseline points="265,1922 316,1925 367,1925 418,1926 469,1928 520,1928 571,1928 622,1928 673,1928 724,1929 775,1930 826,1930 877,1931 928,1931 979,1931 1030,1931 1081,1933 1132,1931 1183,1931 1234,1933 1286,1934"/>
                <TextEquiv>
                    <Unicode>ñar a los jefes de sus respectivas cocinas</Unicode>
                </TextEquiv>
            </TextLine>
            <TextLine id="l_32" custom="readingOrder {index:31;}">
                <Coords points="271,1996 1228,2008 1275,2005 1273,1950 269,1954"/>
                <Baseline points="277,1982 327,1979 377,1980 427,1980 477,1977 527,1979 577,1981 627,1982 677,1982 727,1982 777,1985 827,1982 877,1983 927,1985 977,1985 1027,1985 1077,1985 1127,1985 1177,1985 1227,1988 1277,1991"/>
                <TextEquiv>
                    <Unicode>porque no les tenían bananos a la mesa,</Unicode>
                </TextEquiv>
            </TextLine>
            <TextLine id="l_33" custom="readingOrder {index:32;}">
                <Coords points="268,2052 1272,2056 1262,2000 267,1996"/>
                <Baseline points="274,2036 324,2030 374,2031 424,2033 474,2033 524,2033 574,2033 624,2035 674,2033 724,2036 774,2036 824,2039 874,2039 924,2039 974,2039 1024,2039 1074,2042 1124,2042 1174,2039 1224,2039 1274,2036"/>
                <TextEquiv>
                    <Unicode>y les dieron orden de acaparar esa “peque-</Unicode>
                </TextEquiv>
            </TextLine>
            <TextLine id="l_34" custom="readingOrder {index:33;}">
                <Coords points="265,2101 1282,2107 1254,2050 264,2048"/>
                <Baseline points="271,2080 321,2083 372,2086 423,2086 474,2086 524,2086 575,2086 626,2086 677,2089 727,2087 778,2090 829,2092 880,2090 930,2091 981,2089 1032,2092 1083,2092 1133,2092 1184,2092 1235,2092 1286,2095"/>
                <TextEquiv>
                    <Unicode>ña cantidad” que ofrecía el comerciante,</Unicode>
                </TextEquiv>
            </TextLine>
            <TextLine id="l_35" custom="readingOrder {index:34;}">
                <Coords points="264,2143 1281,2175 1268,2102 264,2101"/>
                <Baseline points="271,2134 321,2140 372,2140 422,2141 473,2143 524,2143 574,2143 625,2143 675,2143 726,2143 777,2143 827,2144 878,2146 928,2146 979,2146 1030,2146 1080,2149 1131,2149 1181,2149 1232,2149 1283,2149"/>
                <TextEquiv>
                    <Unicode>X, para que en todos esos días no faltara</Unicode>
                </TextEquiv>
            </TextLine>
            <TextLine id="l_36" custom="readingOrder {index:35;}">
                <Coords points="264,2208 1271,2217 1271,2175 1173,2159 264,2161"/>
                <Baseline points="271,2188 321,2191 371,2192 421,2194 471,2195 521,2197 571,2195 622,2197 672,2197 722,2197 772,2197 822,2198 872,2200 922,2202 973,2203 1023,2203 1073,2200 1123,2200 1173,2200 1223,2200 1274,2197"/>
                <TextEquiv>
                    <Unicode>tan raro plato en su mesa.... Los cocine-</Unicode>
                </TextEquiv>
            </TextLine>
            <TextLine id="l_37" custom="readingOrder {index:36;}">
                <Coords points="265,2257 1266,2277 1276,2219 264,2214"/>
                <Baseline points="271,2239 321,2242 371,2243 422,2246 472,2248 523,2248 573,2248 624,2248 674,2248 725,2251 775,2251 825,2251 876,2253 926,2254 977,2254 1027,2254 1078,2254 1128,2254 1179,2255 1229,2256 1280,2251"/>
                <TextEquiv>
                    <Unicode>ros dieron en seguida orden por teléfono</Unicode>
                </TextEquiv>
            </TextLine>
            <TextLine id="l_38" custom="readingOrder {index:37;}">
                <Coords points="262,2311 1241,2326 1272,2273 260,2258"/>
                <Baseline points="268,2295 318,2295 368,2296 419,2298 469,2301 520,2302 570,2301 621,2301 671,2301 722,2298 772,2301 822,2303 873,2307 923,2307 974,2307 1024,2307 1075,2310 1125,2310 1176,2310 1226,2310 1277,2310"/>
                <TextEquiv>
                    <Unicode>al especulador de "dejar por su cuenta la</Unicode>
                </TextEquiv>
            </TextLine>
            <TextLine id="l_39" custom="readingOrder {index:38;}">
                <Coords points="262,2367 567,2398 1280,2383 1251,2320 260,2311"/>
                <Baseline points="268,2349 318,2352 369,2349 420,2350 471,2354 521,2357 572,2358 623,2358 674,2358 724,2357 775,2357 826,2361 877,2361 927,2361 978,2361 1029,2361 1080,2361 1130,2362 1181,2364 1232,2364 1283,2364"/>
                <TextEquiv>
                    <Unicode>existencia que hubiera, sin detenerse en</Unicode>
                </TextEquiv>
            </TextLine>
            <TextLine id="l_40" custom="readingOrder {index:39;}">
                <Coords points="264,2442 321,2429 335,2416 367,2414 410,2427 432,2410 445,2422 463,2422 463,2371 441,2361 366,2375 339,2366 330,2374 318,2366 303,2373 264,2366"/>
                <Baseline points="271,2409 298,2403 326,2403 354,2405 381,2406 409,2406 437,2406 465,2406"/>
                <TextEquiv>
                    <Unicode>precio”.</Unicode>
                </TextEquiv>
            </TextLine>
            <TextLine id="l_41" custom="readingOrder {index:40;}">
                <Coords points="318,2472 1277,2481 1277,2419 1155,2409 318,2425"/>
                <Baseline points="325,2457 372,2457 420,2457 468,2460 516,2461 563,2464 611,2466 659,2466 707,2466 754,2466 802,2466 850,2466 898,2468 945,2469 993,2469 1041,2469 1089,2469 1136,2472 1184,2471 1232,2469 1280,2472"/>
                <TextEquiv>
                    <Unicode>El especulador creyó oportuno repartir</Unicode>
                </TextEquiv>
            </TextLine>
            <TextLine id="l_42" custom="readingOrder {index:41;}">
                <Coords points="265,2529 1271,2531 1269,2481 646,2490 264,2451"/>
                <Baseline points="271,2507 321,2510 371,2511 421,2512 471,2511 521,2513 571,2515 622,2516 672,2516 722,2519 772,2519 822,2518 872,2517 922,2519 973,2519 1023,2521 1073,2522 1123,2525 1173,2525 1223,2522 1274,2522"/>
                <TextEquiv>
                    <Unicode>la cantidad entre los dos solicitantes, por-</Unicode>
                </TextEquiv>
            </TextLine>
            <TextLine id="l_43" custom="readingOrder {index:42;}">
                <Coords points="269,2589 1232,2599 1282,2593 1281,2523 268,2529"/>
                <Baseline points="277,2565 327,2564 377,2564 428,2567 478,2568 529,2568 579,2569 630,2570 680,2573 731,2573 781,2573 831,2573 882,2574 932,2576 983,2576 1033,2576 1084,2576 1134,2576 1185,2576 1235,2576 1286,2573"/>
                <TextEquiv>
                    <Unicode>que comprendía que los cocineros aludidos.</Unicode>
                </TextEquiv>
            </TextLine>
            <TextLine id="l_44" custom="readingOrder {index:43;}">
                <Coords points="264,2624 1280,2643 1278,2592 1187,2585 264,2589"/>
                <Baseline points="271,2615 321,2615 372,2619 422,2621 473,2623 524,2624 574,2624 625,2624 675,2624 726,2624 777,2625 827,2627 878,2627 928,2627 979,2627 1030,2630 1080,2630 1131,2630 1181,2630 1232,2631 1283,2630"/>
                <TextEquiv>
                    <Unicode>no tenían idea de la verdadera cantidad:</Unicode>
                </TextEquiv>
            </TextLine>
            <TextLine id="l_45" custom="readingOrder {index:44;}">
                <Coords points="260,2693 1275,2692 1273,2645 260,2629"/>
                <Baseline points="268,2669 318,2669 368,2670 419,2673 469,2675 520,2675 570,2675 621,2675 671,2678 722,2678 772,2678 822,2679 873,2682 923,2683 974,2683 1024,2683 1075,2683 1125,2683 1176,2685 1226,2683 1277,2683"/>
                <TextEquiv>
                    <Unicode>2.500 plátanos fueron a guardarse aquel</Unicode>
                </TextEquiv>
            </TextLine>
            <TextLine id="l_46" custom="readingOrder {index:45;}">
                <Coords points="267,2745 905,2741 1079,2781 1280,2748 1280,2709 1101,2692 267,2688"/>
                <Baseline points="274,2722 324,2725 374,2725 425,2726 475,2728 526,2728 576,2726 627,2730 677,2731 728,2731 778,2734 828,2734 879,2734 929,2734 980,2736 1030,2737 1081,2737 1131,2737 1182,2740 1232,2739 1283,2731"/>
                <TextEquiv>
                    <Unicode>día a la bodega de cada millonario de aque-</Unicode>
                </TextEquiv>
            </TextLine>
            <TextLine id="l_47" custom="readingOrder {index:46;}">
                <Coords points="267,2791 289,2794 303,2789 318,2799 340,2791 345,2795 370,2794 369,2740 349,2739 345,2744 325,2740 320,2744 296,2735 276,2745 265,2741"/>
                <Baseline points="274,2776 307,2776 340,2777 373,2779"/>
                <TextEquiv>
                    <Unicode>llos.</Unicode>
                </TextEquiv>
            </TextLine>
            <TextLine id="l_48" custom="readingOrder {index:47;}">
                <Coords points="322,2839 421,2867 1286,2864 1286,2790 321,2795"/>
                <Baseline points="328,2827 376,2833 424,2833 472,2836 520,2836 568,2836 616,2836 664,2838 712,2839 760,2839 808,2841 856,2842 904,2842 952,2842 1000,2842 1048,2842 1096,2842 1144,2845 1192,2845 1240,2845 1289,2845"/>
                <TextEquiv>
                    <Unicode>Ellos pensaban cenar bananos aquella</Unicode>
                </TextEquiv>
            </TextLine>
            <TextLine id="l_49" custom="readingOrder {index:48;}">
                <Coords points="262,2902 1280,2911 1266,2855 260,2843"/>
                <Baseline points="268,2881 318,2884 369,2887 420,2887 471,2887 521,2888 572,2889 623,2889 674,2889 724,2890 775,2892 826,2891 877,2891 927,2892 978,2895 1029,2895 1080,2892 1130,2893 1181,2898 1232,2898 1283,2898"/>
                <TextEquiv>
                    <Unicode>tarde, mientras millones de pobres tenían</Unicode>
                </TextEquiv>
            </TextLine>
            <TextLine id="l_50" custom="readingOrder {index:49;}">
                <Coords points="264,2960 1259,2973 1281,2916 263,2901"/>
                <Baseline points="271,2937 321,2940 372,2937 422,2938 473,2940 524,2940 574,2940 625,2940 675,2940 726,2940 777,2944 827,2946 878,2944 928,2945 979,2946 1030,2946 1080,2949 1131,2947 1181,2952 1232,2952 1283,2946"/>
                <TextEquiv>
                    <Unicode>que conformarse con haber visto el anun-</Unicode>
                </TextEquiv>
            </TextLine>
            <TextLine id="l_51" custom="readingOrder {index:50;}">
                <Coords points="260,3000 1273,3016 1273,2965 260,2960"/>
                <Baseline points="268,2988 318,2991 368,2991 419,2992 469,2993 520,2991 570,2991 621,2994 671,2994 722,2994 772,2997 822,2997 873,2997 923,2999 974,3000 1024,3000 1075,3003 1125,3006 1176,3005 1226,3003 1277,3000"/>
                <TextEquiv>
                    <Unicode>cio en los periódicos. Pero la cena se que-</Unicode>
                </TextEquiv>
            </TextLine>
            <TextLine id="l_52" custom="readingOrder {index:51;}">
                <Coords points="260,3063 1273,3067 1264,3016 260,2999"/>
                <Baseline points="268,3042 318,3045 368,3046 419,3047 469,3045 520,3047 570,3048 621,3048 671,3051 722,3051 772,3051 822,3052 873,3054 923,3054 974,3054 1024,3057 1075,3057 1125,3057 1176,3057 1226,3057 1277,3057"/>
                <TextEquiv>
                    <Unicode>dó confeccionada, porque habiendo recibi-</Unicode>
                </TextEquiv>
            </TextLine>
            <TextLine id="l_53" custom="readingOrder {index:52;}">
                <Coords points="258,3127 1278,3132 1277,3066 258,3070"/>
                <Baseline points="265,3098 315,3101 366,3101 417,3101 468,3099 518,3098 569,3098 620,3101 671,3101 721,3101 772,3102 823,3105 874,3107 924,3105 975,3107 1026,3107 1077,3110 1127,3108 1178,3109 1229,3109 1280,3104"/>
                <TextEquiv>
                    <Unicode>do una invitación de unos colegas, tuvie-</Unicode>
                </TextEquiv>
            </TextLine>
            <TextLine id="l_54" custom="readingOrder {index:53;}">
                <Coords points="260,3160 1287,3182 1286,3125 1141,3114 260,3123"/>
                <Baseline points="268,3155 319,3155 370,3155 421,3155 472,3153 523,3152 574,3152 625,3152 676,3155 727,3155 778,3155 829,3157 880,3158 931,3160 982,3161 1033,3161 1084,3162 1135,3164 1186,3164 1237,3162 1289,3158"/>
                <TextEquiv>
                    <Unicode>ron que partir con sus familias a una po-</Unicode>
                </TextEquiv>
            </TextLine>
            <TextLine id="l_55" custom="readingOrder {index:54;}">
                <Coords points="258,3231 365,3231 434,3254 675,3230 785,3244 785,3183 732,3169 258,3164"/>
                <Baseline points="265,3209 291,3207 317,3206 343,3208 369,3209 395,3209 421,3209 448,3209 474,3209 500,3209 526,3209 552,3209 578,3209 604,3209 631,3209 657,3209 683,3209 709,3209 735,3210 761,3212 788,3212"/>
                <TextEquiv>
                    <Unicode>seción minera lejana.</Unicode>
                </TextEquiv>
            </TextLine>
            <TextEquiv>
                <Unicode></Unicode>
            </TextEquiv>
        </TextRegion>
        <TextRegion id="r_3" custom="readingOrder {index:3;}">
            <Coords points="2370,270 2370,3239 1325,3239 1325,270"/>
            <TextLine id="l_57" custom="readingOrder {index:0;}">
                <Coords points="1373,336 2352,331 2352,287 2303,271 1737,295 1528,238 1373,245"/>
                <Baseline points="1379,322 1427,323 1476,325 1525,325 1574,325 1623,325 1671,325 1720,325 1769,325 1818,325 1867,325 1915,325 1964,325 2013,325 2062,326 2111,328 2159,326 2208,325 2257,325 2306,322 2355,319"/>
                <TextEquiv>
                    <Unicode>Mientras hubo bañanos sanos, los coci¬</Unicode>
                </TextEquiv>
            </TextLine>
            <TextLine id="l_58" custom="readingOrder {index:1;}">
                <Coords points="1318,390 2352,398 2352,345 2272,336 1318,349"/>
                <Baseline points="1325,376 1376,376 1428,379 1479,379 1531,379 1582,379 1634,376 1685,379 1737,379 1788,380 1840,380 1891,379 1943,379 1994,379 2046,379 2097,379 2149,380 2200,380 2252,379 2303,382 2355,385"/>
                <TextEquiv>
                    <Unicode>neros confeccionaron excelentes platos en</Unicode>
                </TextEquiv>
            </TextLine>
            <TextLine id="l_59" custom="readingOrder {index:2;}">
                <Coords points="1321,451 2355,456 2355,396 1321,405"/>
                <Baseline points="1328,426 1379,429 1431,429 1482,429 1534,431 1585,432 1637,432 1688,432 1740,432 1791,432 1843,432 1894,432 1946,432 1997,432 2049,432 2100,433 2152,435 2203,433 2255,432 2306,432 2358,432"/>
                <TextEquiv>
                    <Unicode>espera de sus señores, pero que, muy a su</Unicode>
                </TextEquiv>
            </TextLine>
            <TextLine id="l_60" custom="readingOrder {index:3;}">
                <Coords points="1327,501 2351,506 2351,465 2249,441 1327,443"/>
                <Baseline points="1334,492 1384,483 1435,483 1486,485 1537,486 1588,483 1639,483 1690,484 1741,486 1792,486 1843,486 1893,486 1944,483 1995,483 2046,486 2097,486 2148,486 2199,486 2250,484 2301,486 2352,486"/>
                <TextEquiv>
                    <Unicode>pesar, tuvieron que echárselos a los ejem-</Unicode>
                </TextEquiv>
            </TextLine>
            <TextLine id="l_61" custom="readingOrder {index:4;}">
                <Coords points="1324,557 2343,559 2343,512 2215,494 1324,509"/>
                <Baseline points="1331,543 1381,537 1432,539 1483,538 1534,540 1584,540 1635,538 1686,540 1737,540 1787,540 1838,540 1889,540 1940,540 1990,540 2041,540 2092,540 2143,543 2193,540 2244,541 2295,541 2346,543"/>
                <TextEquiv>
                    <Unicode>plares mimados de las perreras, que al fin,</Unicode>
                </TextEquiv>
            </TextLine>
            <TextLine id="l_62" custom="readingOrder {index:5;}">
                <Coords points="1324,608 2349,606 2349,558 2295,549 1324,557"/>
                <Baseline points="1331,591 1382,591 1433,591 1484,592 1535,594 1586,594 1637,592 1688,594 1739,594 1790,594 1841,594 1892,594 1943,594 1994,592 2045,594 2096,594 2147,594 2198,594 2249,594 2300,594 2352,597"/>
                <TextEquiv>
                    <Unicode>no pudiendo engullirlo todo, lo desprecia-</Unicode>
                </TextEquiv>
            </TextLine>
            <TextLine id="l_63" custom="readingOrder {index:6;}">
                <Coords points="1318,680 2188,662 2188,621 2133,608 1318,607"/>
                <Baseline points="1325,644 1368,644 1411,647 1454,647 1498,647 1541,647 1584,647 1628,647 1671,647 1714,647 1758,647 1801,647 1844,647 1887,645 1931,646 1974,647 2017,647 2061,647 2104,647 2147,647 2191,650"/>
                <TextEquiv>
                    <Unicode>ban, desparramándolos por el suelo.</Unicode>
                </TextEquiv>
            </TextLine>
            <TextLine id="l_64" custom="readingOrder {index:7;}">
                <Coords points="1374,760 2325,767 2367,756 2366,688 1373,697"/>
                <Baseline points="1379,740 1428,740 1478,740 1527,740 1577,740 1626,742 1676,743 1725,741 1775,743 1824,740 1874,743 1924,741 1973,743 2023,743 2072,742 2122,742 2171,741 2221,742 2270,743 2320,743 2370,743"/>
                <TextEquiv>
                    <Unicode>Una profunda ironía había en ésto:a.</Unicode>
                </TextEquiv>
            </TextLine>
            <TextLine id="l_65" custom="readingOrder {index:8;}">
                <Coords points="1333,814 2349,807 2349,756 1333,755"/>
                <Baseline points="1340,797 1390,794 1441,794 1491,795 1542,795 1593,794 1643,794 1694,794 1744,797 1795,794 1846,797 1896,797 1947,797 1997,797 2048,797 2099,794 2149,794 2200,795 2250,796 2301,795 2352,797"/>
                <TextEquiv>
                    <Unicode>pesar de sus iniquidades,, Dios deparó a</Unicode>
                </TextEquiv>
            </TextLine>
            <TextLine id="l_66" custom="readingOrder {index:9;}">
                <Coords points="1321,865 2333,872 2333,814 2258,804 1321,817"/>
                <Baseline points="1328,844 1378,847 1428,847 1479,848 1529,849 1580,847 1630,849 1680,850 1731,847 1781,847 1832,850 1882,850 1932,850 1983,848 2033,847 2084,847 2134,850 2184,850 2235,847 2285,846 2336,849"/>
                <TextEquiv>
                    <Unicode>este pueblo 20,000 bananos hermosos y</Unicode>
                </TextEquiv>
            </TextLine>
            <TextLine id="l_67" custom="readingOrder {index:10;}">
                <Coords points="1318,925 2342,929 2342,871 2297,862 1318,867"/>
                <Baseline points="1325,901 1375,901 1426,904 1477,904 1528,904 1579,902 1630,901 1681,904 1732,901 1783,904 1834,903 1884,902 1935,904 1986,904 2037,904 2088,904 2139,904 2190,904 2241,904 2292,904 2343,904"/>
                <TextEquiv>
                    <Unicode>sazonados, que pudo consumir al nunca</Unicode>
                </TextEquiv>
            </TextLine>
            <TextLine id="l_68" custom="readingOrder {index:11;}">
                <Coords points="1318,977 2349,979 2349,924 2172,911 1318,925"/>
                <Baseline points="1325,955 1376,955 1427,955 1479,955 1530,957 1581,958 1633,958 1684,955 1735,958 1787,957 1838,956 1889,956 1941,955 1992,955 2043,955 2095,955 2146,955 2197,956 2249,956 2300,957 2352,961"/>
                <TextEquiv>
                    <Unicode>soñado precio de medio centavo cada uno;</Unicode>
                </TextEquiv>
            </TextLine>
            <TextLine id="l_69" custom="readingOrder {index:12;}">
                <Coords points="1330,1035 2349,1032 2348,978 2244,967 1329,973"/>
                <Baseline points="1337,1012 1387,1008 1438,1008 1489,1009 1540,1009 1590,1009 1641,1009 1692,1012 1743,1012 1793,1012 1844,1012 1895,1012 1946,1009 1996,1009 2047,1010 2098,1012 2149,1012 2199,1010 2250,1011 2301,1009 2352,1006"/>
                <TextEquiv>
                    <Unicode>pero el egoista capital y la especulación se</Unicode>
                </TextEquiv>
            </TextLine>
            <TextLine id="l_70" custom="readingOrder {index:13;}">
                <Coords points="1321,1084 2344,1081 2327,1022 1321,1039"/>
                <Baseline points="1328,1062 1378,1062 1429,1062 1480,1062 1531,1062 1582,1064 1633,1063 1684,1065 1735,1065 1786,1064 1837,1063 1887,1065 1938,1063 1989,1062 2040,1065 2091,1065 2142,1065 2193,1065 2244,1064 2295,1062 2346,1062"/>
                <TextEquiv>
                    <Unicode>opusieron a ello, prefiriendo obrar de modo.</Unicode>
                </TextEquiv>
            </TextLine>
            <TextLine id="l_71" custom="readingOrder {index:14;}">
                <Coords points="1327,1141 2344,1137 2315,1075 1327,1089"/>
                <Baseline points="1334,1119 1384,1116 1435,1116 1485,1116 1536,1116 1587,1116 1637,1116 1688,1116 1738,1119 1789,1119 1840,1116 1890,1117 1941,1119 1991,1119 2042,1119 2093,1119 2143,1116 2194,1118 2244,1117 2295,1119 2346,1119"/>
                <TextEquiv>
                    <Unicode>que varios perros desparramaron a lo más</Unicode>
                </TextEquiv>
            </TextLine>
            <TextLine id="l_72" custom="readingOrder {index:15;}">
                <Coords points="1318,1195 2342,1197 2342,1137 2309,1132 1318,1141"/>
                <Baseline points="1325,1170 1375,1170 1426,1170 1477,1170 1528,1172 1579,1171 1630,1170 1681,1173 1732,1170 1783,1173 1834,1173 1884,1173 1935,1173 1986,1173 2037,1173 2088,1173 2139,1173 2190,1172 2241,1171 2292,1173 2343,1170"/>
                <TextEquiv>
                    <Unicode>una o dos docenas de los frutos, que venían</Unicode>
                </TextEquiv>
            </TextLine>
            <TextLine id="l_73" custom="readingOrder {index:16;}">
                <Coords points="1321,1254 1861,1268 2228,1237 2228,1196 2183,1183 1321,1199"/>
                <Baseline points="1328,1224 1373,1224 1418,1224 1463,1224 1508,1224 1553,1224 1598,1227 1643,1227 1688,1227 1733,1227 1779,1227 1824,1227 1869,1227 1914,1227 1959,1227 2004,1227 2049,1227 2094,1227 2139,1227 2184,1227 2230,1224"/>
                <TextEquiv>
                    <Unicode>a costar cerca de cien pesos cada uno.</Unicode>
                </TextEquiv>
            </TextLine>
            <TextLine id="l_74" custom="readingOrder {index:17;}">
                <Coords points="1373,1326 2344,1336 2344,1266 2250,1258 2130,1290 2044,1248 1553,1281 1373,1255"/>
                <Baseline points="1379,1316 1427,1316 1475,1319 1524,1319 1572,1318 1620,1317 1669,1319 1717,1319 1765,1319 1814,1319 1862,1317 1910,1319 1959,1316 2007,1319 2055,1319 2104,1319 2152,1319 2200,1320 2249,1322 2297,1322 2346,1319"/>
                <TextEquiv>
                    <Unicode>Los pobres obreros regresaban de las</Unicode>
                </TextEquiv>
            </TextLine>
            <TextLine id="l_75" custom="readingOrder {index:18;}">
                <Coords points="1324,1383 2343,1391 2343,1347 2291,1329 1324,1329"/>
                <Baseline points="1331,1373 1381,1373 1432,1373 1483,1373 1534,1373 1584,1373 1635,1373 1686,1373 1737,1373 1787,1373 1838,1373 1889,1373 1940,1373 1990,1373 2041,1376 2092,1376 2143,1376 2193,1376 2244,1375 2295,1375 2346,1382"/>
                <TextEquiv>
                    <Unicode>fábricas o de las fincas de los ptentados,</Unicode>
                </TextEquiv>
            </TextLine>
            <TextLine id="l_76" custom="readingOrder {index:19;}">
                <Coords points="1318,1445 2337,1443 2337,1397 2183,1385 1318,1385"/>
                <Baseline points="1325,1427 1375,1427 1426,1427 1477,1427 1528,1427 1578,1427 1629,1427 1680,1427 1731,1430 1781,1429 1832,1427 1883,1427 1934,1427 1984,1427 2035,1427 2086,1427 2137,1427 2187,1427 2238,1427 2289,1427 2340,1430"/>
                <TextEquiv>
                    <Unicode>famélicos y hambrientos, viéndose diezma-</Unicode>
                </TextEquiv>
            </TextLine>
            <TextLine id="l_77" custom="readingOrder {index:20;}">
                <Coords points="1325,1494 2348,1491 2347,1445 2297,1437 1683,1432 1604,1469 1324,1436"/>
                <Baseline points="1331,1480 1381,1480 1432,1478 1483,1480 1534,1478 1585,1479 1636,1480 1687,1483 1738,1480 1789,1480 1840,1480 1890,1481 1941,1481 1992,1480 2043,1480 2094,1480 2145,1480 2196,1480 2247,1480 2298,1480 2349,1480"/>
                <TextEquiv>
                    <Unicode>dos por la epidemia que tenía su origen</Unicode>
                </TextEquiv>
            </TextLine>
            <TextLine id="l_78" custom="readingOrder {index:21;}">
                <Coords points="1321,1548 2346,1553 2346,1494 1321,1496"/>
                <Baseline points="1328,1531 1379,1534 1430,1534 1481,1534 1532,1534 1583,1534 1634,1534 1685,1534 1736,1537 1787,1537 1838,1537 1889,1535 1940,1534 1991,1534 2042,1534 2093,1534 2144,1534 2195,1534 2246,1533 2297,1533 2349,1534"/>
                <TextEquiv>
                    <Unicode>en lo poco variada, abundante y nutritiva</Unicode>
                </TextEquiv>
            </TextLine>
            <TextLine id="l_79" custom="readingOrder {index:22;}">
                <Coords points="1318,1598 2342,1606 2342,1558 2282,1546 1842,1545 1790,1575 1717,1543 1318,1545"/>
                <Baseline points="1325,1585 1375,1588 1426,1588 1477,1588 1528,1588 1579,1588 1630,1588 1681,1588 1732,1588 1783,1589 1834,1591 1884,1590 1935,1588 1986,1588 2037,1588 2088,1588 2139,1588 2190,1588 2241,1588 2292,1588 2343,1585"/>
                <TextEquiv>
                    <Unicode>de la alimentación, consistentes en insus-</Unicode>
                </TextEquiv>
            </TextLine>
            <TextLine id="l_80" custom="readingOrder {index:23;}">
                <Coords points="1318,1674 2286,1678 2286,1608 2237,1595 1318,1598"/>
                <Baseline points="1325,1642 1373,1642 1421,1642 1469,1642 1517,1642 1566,1642 1614,1643 1662,1643 1710,1642 1758,1644 1807,1643 1855,1642 1903,1642 1951,1645 1999,1642 2048,1642 2096,1640 2144,1643 2192,1645 2240,1645 2289,1642"/>
                <TextEquiv>
                    <Unicode>tanciales salazones y conservas pasadas.</Unicode>
                </TextEquiv>
            </TextLine>
            <TextLine id="l_81" custom="readingOrder {index:24;}">
                <Coords points="1369,1736 2347,1750 2339,1674 1369,1675"/>
                <Baseline points="1376,1719 1424,1716 1473,1720 1521,1722 1570,1722 1619,1722 1667,1722 1716,1722 1765,1722 1813,1722 1862,1722 1911,1725 1959,1722 2008,1722 2057,1722 2105,1723 2154,1724 2203,1722 2251,1722 2300,1724 2349,1722"/>
                <TextEquiv>
                    <Unicode>Todos murmuraban; algunos maldecían</Unicode>
                </TextEquiv>
            </TextLine>
            <TextLine id="l_82" custom="readingOrder {index:25;}">
                <Coords points="1339,1793 2349,1791 2349,1745 2291,1736 1339,1727"/>
                <Baseline points="1346,1776 1396,1776 1446,1774 1496,1776 1547,1776 1597,1776 1647,1776 1698,1776 1748,1776 1798,1776 1849,1776 1899,1776 1949,1776 1999,1774 2050,1775 2100,1776 2150,1776 2201,1776 2251,1776 2301,1776 2352,1776"/>
                <TextEquiv>
                    <Unicode>por vez primera su condición de jornale-</Unicode>
                </TextEquiv>
            </TextLine>
            <TextLine id="l_83" custom="readingOrder {index:26;}">
                <Coords points="1318,1847 2346,1847 2324,1785 1318,1797"/>
                <Baseline points="1325,1827 1376,1828 1427,1829 1478,1827 1529,1829 1581,1830 1632,1830 1683,1830 1734,1830 1785,1830 1837,1830 1888,1830 1939,1830 1990,1830 2041,1833 2093,1830 2144,1830 2195,1830 2246,1830 2297,1830 2349,1824"/>
                <TextEquiv>
                    <Unicode>ros:—Vamos a perecer por cándidos,—de-</Unicode>
                </TextEquiv>
            </TextLine>
            <TextLine id="l_84" custom="readingOrder {index:27;}">
                <Coords points="1321,1898 2344,1902 2312,1840 1321,1852"/>
                <Baseline points="1328,1883 1378,1883 1429,1882 1480,1881 1531,1883 1582,1883 1633,1883 1684,1886 1735,1883 1786,1883 1837,1883 1887,1883 1938,1883 1989,1883 2040,1883 2091,1883 2142,1883 2193,1883 2244,1882 2295,1882 2346,1883"/>
                <TextEquiv>
                    <Unicode>cían;—no da resultado ser obrero laborioso.</Unicode>
                </TextEquiv>
            </TextLine>
            <TextLine id="l_85" custom="readingOrder {index:28;}">
                <Coords points="1334,1959 2344,1954 2344,1903 2282,1893 1334,1906"/>
                <Baseline points="1341,1938 1391,1934 1441,1935 1491,1936 1542,1935 1592,1937 1642,1937 1692,1937 1743,1937 1793,1934 1843,1937 1893,1937 1944,1937 1994,1937 2044,1935 2094,1936 2145,1937 2195,1937 2245,1937 2295,1937 2346,1937"/>
                <TextEquiv>
                    <Unicode>y honrado; es necesario ser ricoa toda</Unicode>
                </TextEquiv>
            </TextLine>
            <TextLine id="l_86" custom="readingOrder {index:29;}">
                <Coords points="1318,1996 2349,2010 2349,1955 2298,1947 1318,1955"/>
                <Baseline points="1325,1988 1376,1988 1427,1991 1479,1991 1530,1991 1581,1991 1633,1991 1684,1991 1735,1991 1787,1992 1838,1993 1889,1991 1941,1991 1992,1991 2043,1991 2095,1991 2146,1991 2197,1991 2249,1991 2300,1991 2352,1997"/>
                <TextEquiv>
                    <Unicode>costa, aunque sea por medio del robo, de</Unicode>
                </TextEquiv>
            </TextLine>
            <TextLine id="l_87" custom="readingOrder {index:30;}">
                <Coords points="1318,2063 1400,2081 1419,2063 1540,2070 1584,2052 1699,2079 1732,2054 1878,2062 1876,2013 1317,2004"/>
                <Baseline points="1325,2042 1352,2044 1380,2044 1408,2042 1436,2043 1463,2045 1491,2045 1519,2045 1547,2045 1574,2045 1602,2045 1630,2045 1658,2045 1685,2045 1713,2045 1741,2045 1769,2045 1796,2045 1824,2045 1852,2045 1880,2048"/>
                <TextEquiv>
                    <Unicode>la guerra o del saqueo.</Unicode>
                </TextEquiv>
            </TextLine>
            <TextLine id="l_88" custom="readingOrder {index:31;}">
                <Coords points="1373,2143 2346,2134 2346,2096 2293,2075 2187,2098 2075,2049 1911,2083 1373,2072"/>
                <Baseline points="1379,2122 1427,2122 1476,2123 1524,2125 1573,2125 1621,2125 1670,2125 1718,2125 1767,2125 1815,2125 1864,2125 1912,2125 1961,2125 2009,2125 2058,2125 2106,2125 2155,2125 2203,2125 2252,2125 2300,2125 2349,2122"/>
                <TextEquiv>
                    <Unicode>En aquel estado, varios de ellos recojie-</Unicode>
                </TextEquiv>
            </TextLine>
            <TextLine id="l_89" custom="readingOrder {index:32;}">
                <Coords points="1321,2208 2346,2199 2346,2134 1321,2137"/>
                <Baseline points="1328,2176 1379,2176 1430,2177 1481,2178 1532,2178 1583,2177 1634,2178 1685,2179 1736,2179 1787,2179 1838,2179 1889,2179 1940,2177 1991,2178 2042,2179 2093,2179 2144,2178 2195,2177 2246,2179 2297,2179 2349,2179"/>
                <TextEquiv>
                    <Unicode>ron en la calle algunas hojitas que una</Unicode>
                </TextEquiv>
            </TextLine>
            <TextLine id="l_90" custom="readingOrder {index:33;}">
                <Coords points="1333,2249 2337,2246 2337,2201 2290,2193 1333,2197"/>
                <Baseline points="1340,2230 1390,2230 1440,2231 1490,2233 1540,2233 1590,2233 1640,2233 1690,2233 1740,2233 1790,2233 1840,2233 1890,2233 1940,2233 1990,2233 2040,2233 2090,2233 2140,2233 2190,2233 2240,2233 2290,2232 2340,2230"/>
                <TextEquiv>
                    <Unicode>piadosa mano había arrojado profusamen-</Unicode>
                </TextEquiv>
            </TextLine>
            <TextLine id="l_91" custom="readingOrder {index:34;}">
                <Coords points="1321,2298 2346,2304 2346,2245 2106,2277 2040,2246 1321,2244"/>
                <Baseline points="1328,2283 1379,2283 1430,2283 1481,2283 1532,2283 1583,2283 1634,2285 1685,2286 1736,2286 1787,2286 1838,2286 1889,2286 1940,2286 1991,2286 2042,2286 2093,2286 2144,2286 2195,2286 2246,2286 2297,2286 2349,2289"/>
                <TextEquiv>
                    <Unicode>te desde la torre de un templo. En ellas</Unicode>
                </TextEquiv>
            </TextLine>
            <TextLine id="l_92" custom="readingOrder {index:35;}">
                <Coords points="1324,2357 2347,2362 2347,2303 2294,2294 1324,2299"/>
                <Baseline points="1331,2334 1381,2334 1432,2337 1483,2337 1534,2339 1585,2340 1636,2340 1687,2340 1738,2340 1789,2340 1840,2340 1890,2340 1941,2340 1992,2340 2043,2340 2094,2337 2145,2339 2196,2338 2247,2340 2298,2340 2349,2337"/>
                <TextEquiv>
                    <Unicode>se leían algunos versículos del Evangelio</Unicode>
                </TextEquiv>
            </TextLine>
            <TextLine id="l_93" custom="readingOrder {index:36;}">
                <Coords points="1321,2414 1456,2437 1620,2397 1673,2422 1764,2423 1764,2347 1668,2361 1610,2348 1574,2366 1505,2349 1321,2357"/>
                <Baseline points="1328,2391 1353,2389 1379,2388 1405,2390 1431,2391 1457,2391 1482,2391 1508,2391 1534,2393 1560,2394 1586,2394 1612,2393 1637,2391 1663,2391 1689,2391 1715,2393 1741,2394 1767,2394"/>
                <TextEquiv>
                    <Unicode>según San Mateo:</Unicode>
                </TextEquiv>
            </TextLine>
            <TextLine id="l_94" custom="readingOrder {index:37;}">
                <Coords points="1489,2467 1691,2500 2340,2492 2340,2432 2266,2406 2106,2442 2014,2411 1889,2438 1642,2404 1489,2422"/>
                <Baseline points="1495,2457 1537,2465 1579,2469 1622,2471 1664,2472 1707,2472 1749,2472 1791,2472 1834,2472 1876,2474 1919,2474 1961,2472 2003,2472 2046,2472 2088,2472 2131,2473 2173,2475 2215,2475 2258,2475 2300,2475 2343,2466"/>
                <TextEquiv>
                    <Unicode>“Oireis guerras y rumores de gue-</Unicode>
                </TextEquiv>
            </TextLine>
            <TextLine id="l_95" custom="readingOrder {index:38;}">
                <Coords points="1321,2538 2351,2545 2340,2490 1321,2478"/>
                <Baseline points="1328,2525 1379,2520 1430,2525 1481,2524 1532,2524 1584,2525 1635,2525 1686,2528 1737,2528 1788,2527 1840,2526 1891,2528 1942,2526 1993,2525 2044,2525 2096,2522 2147,2525 2198,2526 2249,2528 2300,2526 2352,2528"/>
                <TextEquiv>
                    <Unicode>rras. No os turbeis, porque conviene que</Unicode>
                </TextEquiv>
            </TextLine>
            <TextLine id="l_96" custom="readingOrder {index:39;}">
                <Coords points="1324,2589 2343,2601 2343,2556 2246,2539 1324,2539"/>
                <Baseline points="1331,2576 1381,2579 1432,2576 1483,2576 1534,2578 1584,2579 1635,2579 1686,2582 1737,2579 1787,2579 1838,2579 1889,2579 1940,2579 1990,2577 2041,2579 2092,2576 2143,2579 2193,2581 2244,2579 2295,2579 2346,2579"/>
                <TextEquiv>
                    <Unicode>esto suceda: mas, aún no será el fin. Por-</Unicode>
                </TextEquiv>
            </TextLine>
            <TextLine id="l_97" custom="readingOrder {index:40;}">
                <Coords points="1327,2641 2340,2655 2333,2598 2255,2624 2142,2588 1327,2593"/>
                <Baseline points="1334,2636 1384,2633 1434,2630 1485,2631 1535,2632 1586,2632 1636,2631 1687,2630 1737,2633 1788,2630 1838,2630 1888,2630 1939,2630 1989,2630 2040,2630 2090,2630 2141,2633 2191,2636 2242,2636 2292,2636 2343,2636"/>
                <TextEquiv>
                    <Unicode>que se levantará gente contra gente.... y</Unicode>
                </TextEquiv>
            </TextLine>
            <TextLine id="l_98" custom="readingOrder {index:41;}">
                <Coords points="1327,2703 2351,2687 2342,2648 1327,2643"/>
                <Baseline points="1334,2686 1384,2685 1435,2683 1486,2683 1537,2685 1588,2686 1639,2683 1690,2686 1741,2685 1792,2684 1843,2684 1893,2685 1944,2686 1995,2683 2046,2686 2097,2687 2148,2688 2199,2686 2250,2686 2301,2686 2352,2681"/>
                <TextEquiv>
                    <Unicode>habrá pestilencias y hambres.... Y mu-</Unicode>
                </TextEquiv>
            </TextLine>
            <TextLine id="l_99" custom="readingOrder {index:42;}">
                <Coords points="1318,2755 2343,2767 2343,2699 1318,2703"/>
                <Baseline points="1325,2737 1376,2737 1427,2737 1478,2737 1529,2739 1580,2738 1631,2739 1682,2737 1733,2737 1784,2737 1835,2738 1886,2740 1937,2740 1988,2742 2039,2743 2090,2743 2141,2739 2192,2738 2243,2740 2294,2740 2346,2743"/>
                <TextEquiv>
                    <Unicode>chos entonces se escandalizarán de haber</Unicode>
                </TextEquiv>
            </TextLine>
            <TextLine id="l_100" custom="readingOrder {index:43;}">
                <Coords points="1321,2811 2346,2813 2307,2759 1321,2748"/>
                <Baseline points="1328,2791 1379,2791 1430,2789 1481,2791 1532,2791 1583,2791 1634,2791 1685,2791 1736,2794 1787,2792 1838,2793 1889,2793 1940,2794 1991,2792 2042,2791 2093,2791 2144,2790 2195,2789 2246,2792 2297,2794 2349,2791"/>
                <TextEquiv>
                    <Unicode>sido inocentes y honestos; y se traiciona-</Unicode>
                </TextEquiv>
            </TextLine>
            <TextLine id="l_101" custom="readingOrder {index:44;}">
                <Coords points="1318,2869 2346,2867 2347,2818 2290,2807 1320,2816"/>
                <Baseline points="1325,2845 1376,2848 1427,2845 1478,2845 1529,2845 1581,2845 1632,2845 1683,2845 1734,2845 1785,2845 1837,2845 1888,2847 1939,2848 1990,2845 2041,2845 2093,2842 2144,2845 2195,2845 2246,2845 2297,2847 2349,2845"/>
                <TextEquiv>
                    <Unicode>rán unos a otros, y se aborrecerán entre</Unicode>
                </TextEquiv>
            </TextLine>
            <TextLine id="l_102" custom="readingOrder {index:45;}">
                <Coords points="1321,2920 2249,2904 2340,2932 2320,2864 1321,2867"/>
                <Baseline points="1328,2901 1378,2898 1429,2901 1480,2900 1531,2898 1581,2898 1632,2900 1683,2901 1734,2898 1784,2900 1835,2899 1886,2901 1937,2899 1987,2900 2038,2901 2089,2901 2140,2898 2190,2898 2241,2899 2292,2901 2343,2904"/>
                <TextEquiv>
                    <Unicode>sí ... Y a causa de multiplicarse la ini-</Unicode>
                </TextEquiv>
            </TextLine>
            <TextLine id="l_103" custom="readingOrder {index:46;}">
                <Coords points="1327,2972 2344,2974 2344,2933 2263,2907 1327,2924"/>
                <Baseline points="1334,2955 1384,2952 1435,2955 1485,2954 1536,2952 1587,2952 1637,2952 1688,2955 1738,2955 1789,2955 1840,2955 1890,2955 1941,2955 1991,2955 2042,2955 2093,2952 2143,2952 2194,2955 2244,2955 2295,2955 2346,2958"/>
                <TextEquiv>
                    <Unicode>quidad y de estar aparentemente triunfan-</Unicode>
                </TextEquiv>
            </TextLine>
            <TextLine id="l_104" custom="readingOrder {index:47;}">
                <Coords points="1327,3021 2340,3038 2340,2977 2279,2969 1327,2971"/>
                <Baseline points="1334,3009 1384,3006 1434,3005 1485,3004 1535,3006 1586,3006 1636,3006 1687,3006 1737,3006 1788,3006 1838,3008 1888,3006 1939,3008 1989,3007 2040,3006 2090,3009 2141,3009 2191,3009 2242,3009 2292,3009 2343,3012"/>
                <TextEquiv>
                    <Unicode>te, la caridad de muchos se enfriará, y</Unicode>
                </TextEquiv>
            </TextLine>
            <TextLine id="l_105" custom="readingOrder {index:48;}">
                <Coords points="1324,3074 2344,3081 2343,3031 2227,3022 1324,3030"/>
                <Baseline points="1331,3060 1381,3060 1432,3059 1483,3057 1534,3059 1584,3060 1635,3060 1686,3060 1737,3063 1787,3063 1838,3063 1889,3063 1940,3063 1990,3063 2041,3063 2092,3063 2143,3063 2193,3063 2244,3063 2295,3061 2346,3060"/>
                <TextEquiv>
                    <Unicode>querrán imitar la impiedad para ser pode-</Unicode>
                </TextEquiv>
            </TextLine>
            <TextLine id="l_106" custom="readingOrder {index:49;}">
                <Coords points="1324,3123 2351,3134 2349,3084 2303,3072 1324,3072"/>
                <Baseline points="1331,3110 1382,3110 1433,3110 1484,3110 1535,3112 1586,3110 1637,3113 1688,3113 1739,3114 1790,3116 1841,3116 1892,3114 1943,3116 1994,3116 2045,3119 2096,3116 2147,3116 2198,3116 2249,3116 2300,3116 2352,3107"/>
                <TextEquiv>
                    <Unicode>rosos como otros. Mas, el que a pesar de</Unicode>
                </TextEquiv>
            </TextLine>
            <TextLine id="l_107" custom="readingOrder {index:50;}">
                <Coords points="1324,3185 2347,3185 2347,3129 2271,3124 1324,3127"/>
                <Baseline points="1331,3164 1381,3167 1432,3167 1483,3167 1534,3167 1585,3165 1636,3164 1687,3167 1738,3167 1789,3165 1840,3167 1890,3167 1941,3169 1992,3170 2043,3173 2094,3170 2145,3170 2196,3170 2247,3169 2298,3171 2349,3176"/>
                <TextEquiv>
                    <Unicode>todo, perseverase en el bien hasta el fin,</Unicode>
                </TextEquiv>
            </TextLine>
            <TextLine id="l_108" custom="readingOrder {index:51;}">
                <Coords points="1321,3244 1495,3261 1697,3222 1855,3263 2164,3235 2339,3266 2307,3179 1321,3182"/>
                <Baseline points="1328,3215 1378,3218 1429,3221 1479,3221 1530,3221 1581,3221 1631,3219 1682,3221 1732,3224 1783,3224 1834,3224 1884,3224 1935,3224 1985,3224 2036,3226 2087,3224 2137,3224 2188,3226 2238,3222 2289,3224 2340,3227"/>
                <TextEquiv>
                    <Unicode>este será salvo”.... (Mateo, XXIV: 6-18).</Unicode>
                </TextEquiv>
            </TextLine>
            <TextEquiv>
                <Unicode></Unicode>
            </TextEquiv>
        </TextRegion>
    </Page>
</PcGts>
