2479 3508
192 163 412 262 Página 7
1918 192 2187 285 Fémina
150 272 2228 389 Información Sobre las Bases y el Plan General de Organización de la liga de Mujeres
806 384 1575 510 Ibéricas e Hispano Americanas.
1384 474 1964 593 POR ELENA ARIZMENDI.
155 663 1171 767 Qué objeto tiene la Liga de Mujeres Ibé-
202 736 904 829 ricas e Hispanoamericanas?
202 811 1176 904 1. Ayudar a consolidar el espíritu de la
155 899 1171 961 Raza por medio de la unión de la mujer de
158 956 1169 1031 habla española. 2. Laborar por elevar el
161 1008 1169 1070 espíritu de la misma. 3. Trabajar en bien
153 1057 1140 1145 del hogar, de la patria y de la humanidad.
210 1125 1166 1208 ¿Cómo se pueden llevar a la práctica es-
153 1189 1163 1249 tos propósitos? 1. La unidad de la mujer
155 1246 1169 1316 de la raza se logra fácilmente dentro de la
158 1298 1169 1358 comunicación espiritual. Para la pronta
155 1347 1156 1420 realización de esta idea se fundó "Feminis-
153 1410 593 1493 mo Internacional”.
197 1446 1166 1547 2. El espíritu de la raza se eleva con la
158 1534 1161 1607 construcción de mejores cimientos de edu-
153 1594 1161 1664 cación para la mujer hispana en general y
155 1643 1163 1715 dándole a ésta, oportunidades de indepen-
153 1697 593 1783 dencia económica.
200 1736 1169 1842 3. Los trabajos en bien del hogar, de la
163 1824 1166 1902 patria y de la humanidad tienen por base
155 1884 1163 1941 las enseñanzas científicas y prácticas que se
153 1938 1163 2008 dan hoy en día a las mujeres, y que les sir-
155 1990 1166 2055 ven para el mejor desempeño de su papel.
155 2044 1156 2130 como hijas, esposas, madres y ciudadanas.
194 2120 1163 2195 4. Se necesita combatir con firmeza las
153 2179 1156 2247 envidias, el egoísmo, los prejuicios, la ne-
155 2226 1163 2293 gligencia y todo lo que es obstruccionismo
155 2291 1161 2366 pues todo esto constituye la demora de los
153 2327 578 2418 propósitos nobles..
249 2407 1055 2529 Quiénes deben integrar la Liga?
205 2495 1161 2596 Mujeres cultas y altruistas dispuestas a
137 2591 1161 2674 cooperar en provecho de la moral, de la
148 2630 834 2736 cultura y del bienestar social.
148 2723 1169 2835 Cuáles son los deberes de los miembros
200 2793 632 2876 de una Sociedad?
197 2858 1158 2949 Las personas qué se asocian para traba-
161 2926 1158 3006 jar por el bien público, están moralmente
150 3001 1158 3065 obligadas a cumplir con los requisitos si-
150 3052 1158 3117 guientes: 1. Buscar medios apropiados
158 3110 1158 3164 para formar un lazo de unión entre personas.
150 3156 1148 3247 de su sexo y de su raza. 2. No hacer opor
1210 681 2208 759 sición o competencia, sino brindar coopera:
1208 746 2205 816 ción a todo esfuerzo o iniciativa que favorez.
1208 801 2218 863 ca las empresas de esta naturaleza, que se
1213 855 2210 915 encuentran a cargo de individuos particula-
1205 907 2216 967 res, sociedades establecidas, la iglesia y el
1208 967 2208 1021 estado. 3. No permitir que en el seno de
1205 1011 2216 1081 la sociedad haya discusiones o propagandas.
1205 1073 2213 1135 de carácter personal religioso o político, no
1205 1119 2213 1187 admitir nada que no armonice con los sanos
1205 1166 2216 1249 designios de la institución. El lema de los
1205 1220 2216 1296 miembros de una institución debe ser: fra-
1205 1267 2216 1342 ternidad humana, equidad y abnegación.
1205 1324 2216 1392 Sus acciones deben concordar con estos
1205 1376 1456 1469 principios.
1205 1526 2216 1612 Cómo se puede fundar una Organización
1252 1591 1534 1674 de la Liga?
1257 1677 2208 1767 Un grupo de personas aunque sea muy
1208 1739 2208 1819 pequeño, con miras nobles, pueden repre-
1208 1809 2208 1863 sentar la energía y la buena voluntad sufi-
1208 1858 2203 1933 cientes para poder organizar una sociedad y
1200 1915 2208 1977 realizar una empresa por difícil que parezca.
1249 1964 2210 2060 Mas es indispensable que las señoras que
1205 2055 2210 2117 establezcan una asociación escojan como
1208 2091 2208 2156 directoras de ella a personas autorizadas en
1197 2156 2205 2223 saber y probidad, de amplitud de miras,
1200 2197 2203 2260 entusiastas y activas. Aun en las poblacio-
1197 2252 2208 2319 nes muy pequeñas, se encuentran señoritas
1205 2314 2205 2374 profesoras que por humildes que sean re-
1200 2361 2203 2425 presentan la observación, el saber, ellas po-
1205 2415 2203 2472 seen una activa inteligencia y una incansa-
1200 2469 2197 2534 ble perseverancia para guiar voluntades y
1195 2519 2203 2596 formar caracteres, pues esa és su misión en
1205 2565 2208 2630 la vida. Esas son las personas llamadas a
1192 2620 2083 2708 representar cargos de responsabilidad.
1249 2666 2200 2770 Los comités que encabecen estas direc-
1197 2757 2205 2817 toras, tendrán amplios poderes de ejecución.
1205 2812 2203 2881 para hacerse cargo de gobernar los trabajos
1200 2866 2203 2931 que se desarrollen por medio de la socie-
1195 2915 1322 2998 dad..
1249 2964 2197 3060 Las Mesas Directivas deberán nombrar
1195 3045 2195 3110 tantos comités y sub-comités como proble-
1192 3107 2200 3185 mas sociales se les presenten y que sólo por
1200 3156 2073 3242 medio de la acción se pueden resolver.
