2479 3508
312 150 578 247 Femina
2113 149 2319 242 Página S
410 253 1151 351 Obstáculos que salen al paso.
312 342 1291 441 Hemos visto casos en que el presidente o
279 425 1282 497 presidenta de una sociedad cualquiera, se
276 478 1271 542 opone, trabaja y se vale de mil estratage-
272 532 1280 592 mas para que no se funde otra sociedad.
278 591 1277 657 Nadie puede creer que esta clase de perso-
270 635 1285 702 nas laboran sinceramente en beneficio del
276 698 1286 762 público, lo que hacen es laborar por su pro-
276 744 1280 822 pio beneficio, para satisfacer las exigencias
276 795 1133 876 de su espíritu mezquino y ambicioso.
330 858 1289 957 Por buena que sea la legislación de una
276 926 1286 1006 sociedad establecida, por más ventajas que
272 996 1289 1061 ofrezca ella al público, esta no es una razón
276 1049 1297 1115 para extorcionar y hacer que se pierdan las
276 1115 943 1189 iniciativas de otras personas.
321 1171 1200 1264 No se debe permitir que los espíritus:
276 1245 1187 1306 queños dañen una buena intención.
1223 1248 1300 1313 Su
279 1298 1299 1371 mala influencia se debe evitar por todos los
276 1352 1298 1428 medios posibles. Y a modo de estímulo
276 1403 1290 1471 hay que buscar otros modelos: Estos no
281 1464 1295 1514 son difíciles de encontrar. Pueden servir
279 1511 1295 1570 de ejemplo muchas señoras verdaderamente.
279 1570 1299 1642 caritativas que forman las congregaciones
272 1615 520 1695 religiosas.
325 1664 1295 1776 En los Estados Unidos de América por
281 1745 1282 1821 lo general las instituciones están encabeza-
281 1814 1295 1872 das por los mejores talentos cultivados, que
279 1871 1295 1929 constantemente se ocupan de estimular las
285 1920 1293 1990 buenas inclinaciones de las gentes. Con
279 1976 1295 2038 este objeto en las escuelas se enseña la
279 2026 1289 2091 manera de organizar fuerzas colectivas con
288 2082 648 2158 personas aptas.
333 2123 1286 2227 Con este sistema se ha logrado que mul-
279 2197 1299 2285 titud de espíritus y caracteres superiores
285 2264 1306 2330 formen un ejérciro de personas voluntarias.
285 2323 1171 2409 que se dedican a ser útiles a su patria.
339 2385 1297 2454 El gobierno les presta apoyo y ellas dan-
285 2453 1282 2517 ayuda eficaz con sus trabajos prácticos ins-
285 2502 1264 2574 pirados en programas de ciencias sociales.
338 2558 1299 2651 El cultivo del espíritu de cooperación, ha-
279 2621 1295 2707 despojado a muchos seres de una rigida
285 2692 1282 2767 tradición para adoptar formas civilizadoras,
284 2751 1277 2814 así se han realizado conquistas rápidas y
288 2786 822 2875 asombrosos progresos.
870 2799 1295 2868 Al mismo tiempo
285 2845 1289 2917 se ha engendrado el sentimiento de amor,
288 2907 1289 2964 de paz, de concordia, y al fomentar la bue-
288 2958 1291 3017 na voluntad entre los hombres se han deste-
281 3011 1041 3098 rrado los sentimientos belicosos.
344 3089 1302 3155 Pero para llevar a cabo una empresa se
279 3139 1299 3228 necesita ser sincero y conservar el ideal.
1330 221 2341 333 Este es la perspectiva de todo progreso, su
1330 312 2340 375 efecto es el único que puede purificar nues-
1336 364 2350 452 tros sentimientos y estrechar los vínculos de
1331 424 1609 510 solidaridad.
1697 520 1998 614 Programas
1384 625 2346 708 Los comités que tengan a su cargo los
1342 690 2362 753 programas deben estudiar cuidadosamente
1339 740 2346 815 las inclinaciones individuales y las necesida-
1333 802 1627 884 des sociales.
1378 860 2341 935 Del interés y de la utilidad de los progra-
1330 937 2350 995 mas depende la vida de una organización.
1339 987 2346 1046 No olvidemos que aunque nuestras antepa-
1333 1038 2346 1108 sadas hayan tenido conocimientos muy li-
1333 1087 2346 1158 mitados, esta no es una razón como muchas.
1336 1148 2361 1213 veces se cree, para que nosotras dejemos de
1339 1200 2349 1259 ampliar nuestros conocimientos. Nuestros
1330 1250 2361 1316 abuelos viajaron en diligencia ¿pero vamos!
1345 1303 2349 1371 por esta circunstancia a desdeñar hacer uso
1336 1356 2345 1419 del ferrocarril cuando tengamos que ir de un
1339 1411 2346 1473 lugar a otro? Nuestras madres aprendie-
1330 1462 2361 1530 ron a limpiar la casa con escoba, mas ¿es
1339 1519 2346 1583 esta razón suficiente para que nos privemos
1336 1566 2080 1662 nosotras del limpiador eléctrico?
1384 1642 2353 1708 Las mujeres en la actualidad deben ser
1336 1697 2350 1777 conscientes de lo que hay que aprender.
1342 1760 2345 1816 Las sociedades femeninas tienen en sus am-
1345 1814 2349 1884 plísimos programas de enseñanza, una lista
1345 1861 2346 1925 muy completa de ocupaciones femeninas.
1342 1921 2358 1990 Entre los muchos conocimientos que se le
1336 1972 2345 2050 imparten a las mujeres están los siguientes;
1392 2042 2352 2119 Satisfacer las necesidades domiciliarias
1340 2111 2362 2181 por medio de máquinas, aparatos y toda
1339 2160 2349 2217 clase de utensilios que abrevien y perfeccio-
1336 2213 2350 2287 nen las labores domésticas. Conservar la
1339 2264 2346 2330 salud; la belleza y sus atractivos por medio
1336 2316 2337 2385 de la higiene. Higiene física y mental—
1342 2376 2343 2438 El valor nutritivo de los alimentos.—El arte
1336 2427 2344 2493 de la cocina.—El régimen administrativo de
1339 2489 2343 2546 una casa.—Contabilidad, reglamentes para
1339 2543 2349 2598 sus propias ocupaciones y las de las perso-
1342 2588 2341 2655 nas que dependen de ellas.—Conocer de eles
1336 2642 2344 2714 gancia pero también de sencillez y comodi-
1336 2696 1452 2772 dad..
1385 2746 2343 2839 Corte y confección. —Ornato de la casa.—
1342 2824 2344 2895 Canto, baile, pintura, música, idiomas.—
1342 2880 2343 2948 Medicina doméstica.—Principios de moral
1349 2930 2350 2995 y de caridad y los modos de ejercer esta
1348 2993 2339 3069 última.—Deberes y derechos.—A compren-
1339 3034 2125 3111 der a educar y a guiar a sus hijos.
1994 3126 2310 3239 Continuará.
