2479 3508
215 174 425 263 Página 9
1927 186 2203 273 Femina
360 312 1021 417 La Huérfana.
673 402 1148 501 Para la gentil Señorita
757 477 1081 561 TETÉ MALLÉN.
232 570 577 651 —¡Oh, Dios mío!
225 610 1179 697 Tú, cuyo poder admira; Tú que todo lo ves; Tú
188 680 1176 746 que todo lo escuchas! ¿Por qué sigues indife-
177 724 806 792 rente ante mi profundo dolor?
228 751 1183 837 Si alguna vez mis labios osaron ofenderte, mi
172 801 1021 866 corazón tuvo siempre valor para amarte.
225 847 1182 920 Ven hacia mí, estoy sola en este mundo donde,
175 906 1006 963 al mas ligero choque, el honor naufraga.
219 935 1177 998 El abismo está á mis piés; lo veo; me llena de
177 987 1184 1054 espanto; las fuerzas se me van; pero yo, confiada,
177 1038 1173 1096 en Tu altísima bondad, resistiré á toda pasión
180 1081 775 1147 que no sea la de amarte á Tu.
218 1096 1181 1200 El amor de los sentides, el amor vulgar, nun¬
177 1173 734 1232 ca ha ocupado mi corazón.
224 1200 1181 1273 Yo, Señor, no he sentido mas amor que el Tu-
177 1256 522 1315 yo, tal cual eres.
219 1281 1181 1357 Por eso, no he querido en mi delirio; imagi-
171 1347 704 1404 narte con forma humana.
219 1387 1169 1440 Los hombres me causan horror; sus pequeñe-
171 1421 1179 1509 ces ante las cosas divinas me han hecho odiar-
172 1474 368 1547 los
220 1509 636 1571 ¡Sálvame, Dios mio!
225 1562 1193 1623 En esta lamentación estaba una noche una
172 1595 1178 1667 triste y desventurada huérfana mientaas des
177 1658 1179 1717 cansaba su débil cuerpo en duro lecho de pajas.
175 1698 381 1756 secas....
211 1709 1181 1796 No había aún conciliado bien el sueño, cuando
172 1755 1169 1840 le pareció oir una música como bajada del cielo y
175 1830 973 1888 que poco a poco se acercaba á su casa.
217 1862 1179 1926 Eran los ángeles que seguían al Señor hasta
175 1888 1182 1984 el miserable hogar de la huérfana, donde, sí fal-
171 1956 803 2038 taba el pan, sobraba la virtud.
828 2003 1142 2093 Miquel Baez G.
209 2049 789 2170 Ingenio d. Colón 1o-20-23.
400 2169 953 2307 El Mendigo
297 2351 1060 2441 ¡Hermano! que el desierto de la vida
256 2426 1074 2482 vas cruzando con faz mustia y doliente!
258 2461 1047 2520 iven! que quiero besar tu noble frente.
257 2515 952 2558 y la huella borrar de tu dolor.
254 2558 1152 2624 Las puertas de mi hogar cerradas siempre
250 2588 889 2655 al altivo clamor de los infames.
258 2631 1040 2692 se abrirán con amor cuando tú llames.
252 2691 1056 2757 en nombre del que es Cristo Redentor.
258 2731 921 2776 En tí yo veo de Jesús la imagen
257 2767 1018 2837 pobre y humilde que en Belén nació,
259 2822 967 2875 y el reñejo de un alma cual la mía.
252 2860 1083 2914 que dejó en nuestro sér un mismo Dios.
254 2908 1067 2969 ¡Ven Mendigo! No temas, que te amo,
257 2949 1050 2995 como se ama un heimano desgraciado.
261 2990 1114 3064 Y ¡Quizás! del pan que hoy se te ha dado,
249 3039 874 3100 mañana tenga que pedirte yo!
760 3084 1115 3157 Clemencia Merval
870 3138 1076 3212 (Chilena)
1504 321 1970 430 "Funeraria"
1270 482 2225 556 He leido "Funeraria” y he experimentado a-
1227 532 2228 622 legre sensación, ha avanzado un paso mas mi
1225 589 1480 658 entusiasmo.
1264 613 2228 715 “Funeraria”! has llevado mi espíritu lleño de
1231 671 2083 749 perfumes á un mas allá do se encontraba.
1268 739 2222 802 Tal vez tu autora mientras te formaba no pen¬
1224 790 2229 850 só que llenarías mi alma de placer, por lo bien
1226 832 2220 892 inspirado de tus versos y el entusiasmo que Fé-
1229 886 2218 931 mina causa en los corazones, entusiasmo que lle¬
1224 928 2188 1001 va á uno, á alcanzar algo que creía irrealizable!
1266 973 2225 1040 “Funeraria”! Mientras paseaba mi vista por
1224 1026 2218 1074 tus bien trazadas lineas, mi corazón deshecho de
1226 1072 2225 1122 tristura, se dejaba desbordar por mis ojos cayen
1224 1119 2224 1172 do en mi pecho cual pesadas gotas, con sincero
1220 1158 1376 1222 afecto!
1261 1206 2233 1261 ¡Pémina has trazado en mí, un sendero, el cual
1218 1244 2229 1320 debo seguir, y has colocado en mi frente una
1217 1303 2220 1351 antorcha que iluminará el camino que ha de con¬
1220 1348 2227 1397 ducirme hasta donde has llegado ó sea al extremo
1217 1401 2228 1459 de ablandar tiernos corazones con el suave ritmo
1217 1432 1547 1494 de tus versos!!!
1257 1454 2229 1543 Ahora os felicito fecunda fuente do surgió
1217 1528 2213 1587 «Funerarias ¡ruego por el progreso de tan deli-
1220 1580 1940 1651 cada labor que habeis emprendido.
1747 1635 2179 1726 Haydee O. de Rivera.
1282 1764 2129 1871 De "Regalo de Amante"
1534 1910 1901 2019 POEMA NO. 30.
1254 2044 2212 2141 Las flores de la primavera salen; con el apa-
1220 2108 2214 2198 sionado dolor del amor no dicho; y con su aliento,
1220 2168 2166 2229 vuelve el recuerdo de mis canciones antiguas.
1264 2210 2219 2280 Mi corazón, de improviso, se ha vestido del
1215 2252 2220 2319 hojas verdes de deseo. No vino mi amor, pero
1217 2315 2220 2373 su contacto está en mi cuerpo y su voz me llega.
1215 2359 1918 2408 a través de los campos fragantes.
1255 2400 2218 2465 Su mirar está en la triste profundidad del
1210 2444 2220 2519 cielo, pero, dónde están sus ojos? Sus besos
1208 2499 2215 2563 zigzaguean por él aíre, pero sus labios, dónde
1205 2540 1354 2612 están?
1721 2592 2173 2690 Rabindranath Tagore.
1435 2724 2013 2833 Charada No. 14
1383 2817 1906 2901 En una hermosa mañana
1381 2889 1835 2966 de florida primavera,
1378 2938 1910 3016 tocando un prima tercera:
1378 3007 1896 3071 dentro de una prima dos.
1390 3061 1933 3139 ví a todo ¡quién lo creyera!”
1930 3112 2127 3212 URANLA.
