2479 3508
201 173 478 263 Fémina
1976 171 2224 287 Página 10
466 277 2098 466 Por el Mundo Social
210 602 1195 696 Interesante cange—Nos ha visitado en calidad de
167 659 1188 735 cange la interesante revista titulada ALMA FE-
167 714 1188 783 MENINA, que se publica en Lisboa (Portugal),
171 765 1188 822 bajo la dirección de la Doctora Adelaida Cabete.
216 814 1186 869 Dicha revista se publica en el idioma portu-
173 851 1180 928 gués, ¡es órgano del Consejo Nacional de Muje-
171 899 537 961 res Portuguesas.
216 926 1182 1013 El número que nos ha visitado trae en la por-
167 977 1188 1068 tada el retrato de Ma. Eugéne Simón, notable
169 1032 582 1095 feminista francesa.
208 1046 1186 1148 Fémina se complace en establecer con ALMA
167 1095 1052 1207 FEMENINA, relaciones de reciprocidad.
210 1182 1188 1278 Grato obsequio.—Hemos sido obsequiadas por el
167 1249 1186 1325 Iltmo. Monseñor Luis A. de Mena con un bien
165 1319 1188 1376 presentado folleto, contentivo de los actos religio,
171 1357 1174 1433 sos que se celebraron con motivo de su consa-
163 1394 352 1459 gración.
212 1414 1176 1506 Es un bonito e interesante recuerdo que sa
165 1488 1182 1569 bremos conservar iestimar en lo que vale. Se
165 1526 509 1606 lo agradecemos.
177 1591 1184 1683 Mejorado. —Hemos visto con placer, que el amigo i
163 1673 1188 1736 admirador de Fémina, Sr. Julio Marchena, val
167 1724 1176 1797 mejorando de los quebrantos de salud que le a-
169 1756 374 1815 quejaban.
204 1805 1182 1866 Deseamos que su mejoría se acentüe, hasta
157 1850 938 1929 conseguir un cabal restablecimiento.
206 1925 1182 2015 Nuestra portada.—Exorna nuestra portada, como
167 1990 1186 2053 rosa que ostenta su corola a la blanca luz de la
163 2027 1178 2096 luna en suave noche de plata, la bella Sta. Rosa
169 2078 1180 2163 Colombina Mansfield, flor de gracia del vergel
165 2120 399 2194 capitaleño.
204 2194 1170 2287 Saludo; despedida —Hemos tenido el gusto de salu-
161 2267 1178 2340 dar a los reciencasados amigos nuestros Sres.
159 2304 1168 2377 Plinio B Pina iErcilia Seijas, distinguidos ele-
163 2344 1170 2432 mentos de la sociedad de San Cristóbal, i quie¬
165 2401 1172 2477 nes estuvieron dos días de paseo por esta ciu¬
157 2436 922 2527 dad. Les despedimos cordialmente.
197 2501 1176 2611 Nuevo folleto.—Acusamos recibo al Licenciado
171 2568 1162 2654 Máximo Cuiscou de su interesante folleto intitu
163 2615 1170 2719 lado «Reflexiones acerca de la pena de muerte y
159 2676 922 2747 de su aplicación en Santo Domingos.
212 2717 873 2802 Damos las gracias por el envío.
195 2792 1176 2884 José Guzman Benitez.—En San Juan de Puerto Rico
155 2867 1172 2945 acaba de bajar a la tumba el correcto caballero
163 2902 755 2965 Ledo. José Guzman Benítez.
197 2930 1164 3034 Fué el Sr. José Guzmán Benítez un hombre
157 2979 863 3048 bueno i un modelo de ciudadanos.
199 3034 1170 3097 En su biografía se cuentan interesantes ras¬
151 3087 1166 3146 gos que lo ponen de relieve como uno de esos
157 3134 1164 3209 patriotas integros, de los pocos que se encuen¬
155 3175 653 3248 tran en la época actual.
1245 617 2251 702 Hermoso gesto. —En Puerto Plata los Dres, de la Ca-
1229 680 2255 747 bada i Mella, Don Juan Guriel Síndico, i Don
1233 739 2249 794 Arcadio Pichardo, Oficial de Sanidad, están
1229 779 2255 861 practicando una labor que merece el aplauso
1227 822 1412 895 general.
1272 842 2253 940 En comisión, estos elementos han visitado
1229 918 2257 983 los ingenios i el comercio de Puerto Plata, con
1227 975 2249 1018 el noble propósito de habilitar el hospital "Ri-
1225 1011 2251 1079 cardo Limardo" i ponerlo en condiciones de casa
1229 1064 2247 1119 de salud, para poder ofrecer a los pobres nece¬
1219 1109 1868 1178 sitados, abrigoi tranquilidad.
1272 1129 2247 1229 Sus actuaciones no han quedado en el vacío,
1231 1209 2243 1280 pues el pueblo de Puerto Plata ha sabido corres:
1229 1262 1990 1309 ponder icooperar al noble esfuerzo.
1268 1302 2253 1382 Repetimos con nuestro estimado celega "La
1225 1355 2243 1422 Democracia”. "Así se hace patria, con el oído
1233 1408 2236 1461 puesto sobre el corazón de los demás, escuchan-
1229 1461 2241 1510 do los clamores del pueblo, anotando las necesi-
1225 1500 2253 1561 dades de la comunidad, resolviendo problemas
1219 1540 1652 1610 de interés general”.
1258 1585 2255 1679 Fémina aplaude i felicita a los iniciadores de
1227 1630 1652 1724 tan hermoso gesto:
1258 1711 2234 1807 Labor Benéfica de la Mujer.—El día á de este mes tuvo
1221 1779 2230 1848 efecto én el recinto del Asilo San José de la ciu-
1223 1838 2236 1893 dad de Puerto Plata, un hermoso acto de inves¬
1225 1876 2243 1943 tidura. La escuela "Higiene del Hogar y Cuido
1221 1919 2243 1994 de los Enfermos" otorgó diplomas a un grupo,
1221 1962 1602 2031 de sus discípulos.
1260 1996 2236 2080 Estos diplomas les capacitan para desempeñar
1217 2039 2241 2131 la noble tarea de cuidar la salud de los seres
1221 2116 2236 2173 queridos y prodigarles sus consejos higiénicos,
1215 2163 2241 2214 evitando así fatales consecuencias de crueles
1221 2200 2230 2257 enfermedades. En este acto solemne, la-Direc-
1219 2243 2249 2318 tora de la escuela y la Srta Isabel de la Cruz
1229 2298 2241 2369 pronunciaron elocuentes discursos alusivos a
1213 2326 1630 2399 esa labor altruista.
1258 2350 2238 2458 Felicitamos a la digna Directora y a las entu-
1213 2432 2236 2513 siastas discípulas de este plantel, deseándoles
1213 2487 2171 2560 éxito en la noble misión que se han impuesto.
1254 2536 2238 2637 Loción “Mosquito”—El que desee librarse del azote
1225 2619 2234 2686 pertinaz de los mosquitos, debe usar la loción
1252 2666 2238 2739 Mosquito”. Aplicada a la cara y a las manos,
1213 2705 2236 2796 da un resultado asombroso, pues los ahuyenta
1215 2753 1614 2829 como por encanto.
1254 2782 2232 2910 De venta en la Farmacia «Normals del Ledo.
1219 2855 1555 2932 Pedro E. Pérez.
1245 2920 2228 3026 Obsequio a nuestros anunciantes. —Tenemos el placer de
1217 2993 2228 3071 poner a la disposición de nuestros estimados
1209 3040 2228 3120 anunciantes las páginas de nuestra revista, para
1213 3095 2243 3181 cualquier anuncio que en ocasión de Pascuas
1213 3126 1567 3201 deseen publicar.
1256 3177 1909 3264 Esperamos el texto por correo.
