2479 3508
1456 0 2229 155 Archivo General de la Nación
1680 92 2034 222 HEMEROTECA
932 273 1599 461 FEMINA
493 504 1908 591 REVISTA DE LITERATURA, CIENCIAS Y ARTES
775 576 1626 652 CONSAGRADA A LA MUJER
838 652 1570 730 DIRECTORA-ADMINISTRADORA
728 708 1671 815 PETRONILA ANGELICA GOMEZ
1019 771 1382 851 Maestra Normal.
1028 869 1366 952 REDACTORES:
719 930 1682 1019 MARIA L. ANGELIS DE CANINO,
302 965 2101 1084 PETRONILA A. GOMEZ. CONSUELO MONTALVO DE FRIAS.
202 1102 345 1183 Año 2
782 1104 1678 1172 San Pedro de Macorís, Noviembre 30 de 1923
2009 1113 2200 1192 Nro. 32
600 1254 1776 1364 "EL FANTASMA FEMENINO"
376 1422 1185 1525 SI Señor, todos los pueblos del
394 1514 1176 1577 mundo han pasado por el crisol.
394 1559 1178 1644 del vejámen, es decir, siempre ha-
394 1620 1167 1691 existido un grupo de hombres,
271 1669 1176 1736 formados por la tenue e irrestiblel
396 1727 1167 1785 evolución de la ambición humana,
161 1747 1172 1837 ambición que surca los ámbitos y aún tras-
161 1830 1167 1906 pasa los límites de la consideración y respe-
164 1886 721 1947 to hacia sus semejantes.
262 1900 1172 2003 Y por algo dice el adagio: "El mayor!
155 1971 948 2056 tirano es el que ha sido oprimido”.
262 2020 1167 2103 Pues bien: en la actualidad puede decir-
157 2083 1174 2153 se que todos los hombres a excepción de una
152 2150 1174 2211 exigua minoría—formando causa común—se
161 2195 1160 2267 confabulan para recriminar y criticar desfa-
164 2251 1174 2307 voramente, la actuación de la mujer, en el-
152 2307 1167 2377 concurso de las cosas políticas; a la mujer,
157 2361 1167 2428 que como ser humano también tiene que
157 2415 1174 2475 sentir tantos impropierios, de en quien, no
155 2462 1163 2531 tan solo debería de hallar amantísimo espo-
152 2513 1169 2574 so, tierno padre, afectuoso hermano y leal
152 2560 1169 2634 amigo, bajo el punto de vis a constitutivo del
155 2616 1172 2679 la paz del hogar, sino que también el fiel.
148 2663 1167 2757 consejero, el abuevado guía, en el terrenor
157 2717 927 2811 de la amplia ión de sus derechos..
255 2769 1156 2854 Pero así es la humanidad. ¿Qué ra-
148 2811 1154 2910 zón hay, para creer, que una vez la mujer
148 2885 1158 2957 ejerza el voto, dejaríi de ser tan buena es-
155 2943 1167 2999 posa, madre, hermana, etc.» por el mero,
148 2988 1160 3062 hecho de posear lo que les corresponde por
152 3042 1169 3118 regla de equidad?. En lo minimo dejarí! del
157 3096 1174 3163 poseer y ejercer su acento femenil, cono es
152 3145 1169 3241 el momento antes en que dicho pl iviligio le
148 3192 524 3293 fuera otorgado.
1313 1375 2218 1467 Pero el FEMINISMO es un fantasma
1216 1463 2213 1534 para nuestros refractarios, y pesadilla visio-
1212 1516 2222 1590 naria insoportable que soñando, los hace so-
1205 1566 2213 1642 ñar.! Que estamos preparadas para dar pe-
1205 1622 2211 1698 dradas, palos, etc. etc., esto de un lado, y
1210 1673 2215 1736 del otro lado, para echarnos a cargo el fusil,
1205 1729 2215 1792 el arado y lo que es mas la carga de corre-
1219 1781 2224 1841 girlos o sea, la de tomar en nuestras manos,
1212 1837 2218 1904 la del manejo del gobierno. Nada de eso
1210 1888 2209 1953 caballeros; entonces ¿quéi harían los hom-
1212 1940 2224 2003 bres? Pasear de lo lindo, porque para el
1210 1991 2218 2079 reino del hogar si es verdad que no están
1214 2043 1615 2128 preparados ellos.
1313 2079 2218 2153 Pero como lo han confesado ya, el mó-
1214 2146 2215 2211 vil de tantas visiones, temores y dudas no
1205 2200 2200 2269 son compatible con el carácter de la ejem-
1219 2253 2218 2323 plar mujer antillana, y por lo tanto, no cabe
1210 2307 2222 2374 en lo posible, el que ésta en un instante de
1203 2363 2213 2439 tiempo, se convirtiera en una fiera imbécil,
1214 2412 2171 2489 por obra y gracia de un derecho, obtenido.
1310 2460 2206 2527 Cargad vuestros fusiles, y arad la tie-
1205 2516 2213 2572 rra, y llevad las riendas del gobierno, que
1201 2574 2215 2634 nuestra misión será cooperar al levantamien-
1203 2614 2213 2684 to de nuestro s atus moral, ayudaros en to-
1201 2677 2206 2744 do lo que sea posible, en armonía con nues-
1201 2728 2200 2813 tro carácter de mujer, para completa satis-
1203 2778 1976 2840 facción de nuestros compatriotas.
1250 2807 2204 2890 No compartimos con los hombres sus go-
1201 2887 2200 2952 zos, sis dolores; sus esfuerzos por la eman-
1201 2941 2209 3013 cipación social, y para la realización de sus
1201 2986 2200 3058 excelsos ideales ¿porqué se empeñan en ha-
1203 3042 2213 3129 cer ver al mundo que son menos generosos.
1205 3096 1528 3167 que nosotras?
1295 3129 1926 3237 Hasta aquí hemos llegado.
1640 3174 2153 3295 PLÁCIDA VENTURA.
