2479 3508
278 165 550 266 Fémina
2080 174 2287 270 Página 2
860 477 1739 644 DESENGAÑO!
950 676 1802 787 Para Enriqueta Maggiolo de Cruzado.
772 772 1412 864 Es una tarde plácida y serena,
770 841 1469 908 El sol lanza sus vívidos destellos,
776 887 1601 958 y las núbes blanquísimas se esparecen
774 946 1511 1011 bajo el azul del manto de los cielos.
774 1002 1532 1069 En la orilla del mar, sobre una roca,
768 1055 1444 1113 una niña de suave y alba frente,
774 1107 1431 1159 rubios cabellos y pequeña boca,
774 1145 1396 1197 allí reposa en apacible calma;
768 1178 1461 1247 santas virtudes viven en su alma.
781 1237 1396 1297 y castos ideales en su mente.
764 1285 1490 1366 Todo sonrie mientras feliz la niña.
764 1354 1454 1396 escucha de la selva los rumores.
764 1371 1546 1456 y el canto del jilguero en la campiña;
768 1446 1448 1492 la brisa juguetona y placentera,
768 1475 1348 1538 acaricia la blonda cabellera.
764 1515 1423 1594 de la niña de cándidas amores.
768 1567 1609 1653 l allí extasiada está, escuchando a solas.
764 1643 1532 1714 el compás del murmullo de las olas;
768 1682 1398 1743 el céfiro le brinda enamorado.
768 1712 1542 1785 grstos eflusivios de fragantes flores,
774 1777 1525 1835 y ante el recuerdo de su bienamado.
764 1812 1427 1879 sigue feliz soñando sus amores.
764 1867 1498 1944 En tanto atisba el desengaño fiero
774 1929 1488 1986 para herir aquella alma venturosa.
768 1967 1741 2040 que vislumbra a su amado que a otra hermosa,
766 2030 1389 2090 felíz ofrece el corazón entero.
766 2065 1540 2147 En barquilla que cruza, no muy lejos
764 2136 1379 2189 va la pareja de gentil figura,,
770 2159 1532 2231 prometiéndose en místico embeleso.
764 2231 1463 2289 unión eterna y celestial ventura,
774 2266 1427 2323 y del sol a los últimos reflejos
764 2308 1465 2379 sellan su juramento con un beso!
776 2354 1507 2436 Ya destrozado el corazón ferviente
764 2421 1450 2490 de la virgen de cándida sonrisa.
768 2471 1446 2524 mueren las ilusiones de su vida,
764 2507 1567 2580 huyen los gratos sueños de su mente.
764 2559 1463 2611 Ante el dolor de la esperanza ida
764 2597 1484 2655 el ruiseñor su triste canto entona.
770 2647 1523 2710 internado del monte en la espesura.
764 2691 1519 2750 La brisa entusiasmada y juguetona
764 2735 1475 2785 no sopla suave ni al amor convida.
764 2773 1576 2854 ¡Cuán cortas son las horas de ventura!
1103 2827 1743 2909 PETRONILA ANGELICA GÓMEZ
768 2877 1134 2988 Noviembre 1923.
