2479 3508
206 158 420 277 Página 3
1956 161 2232 287 Fémina
613 277 1848 415 BOCETOS AL LAPIZ
724 385 1742 528 LA SANTURRONA
759 558 1121 669 Para FÉMINA.
271 669 1192 762 La expresión evangélica de su sem-
168 711 1186 799 blante no siempre es señal de un alma bue-
171 799 1186 865 na, a veces es la máscara que encubre per-
173 850 1202 940 versos instintos. Tal la santurrona de mi
176 897 349 968 boceto.
284 940 1202 1051 So pretexto de obra de caridad o del
181 1021 1192 1106 prédica religiosa, penetra en todos los hoga-
176 1086 1197 1166 res: hurga en todas las conciencias, sondea-
181 1141 649 1219 todos los corazones.
271 1204 1189 1307 Conoce al dedillo el mecanismo domés-
181 1290 1197 1337 tico de las familias de su círculo; mecanis-
168 1330 1197 1403 mo cuyo resortes mas sensibles toca y pone-
176 1398 1192 1450 en juego, cuando así conviene a los fines de
171 1445 1199 1528 su ministerio, aunque, al hacerlo, destroze
168 1501 912 1584 un alma o anule una existencia.
266 1528 1194 1639 Su palabra, melosa y suave, es el aro-
1227 566 2267 666 ma que emplea en su Cruzada contra el De-
1229 649 2260 721 monio. Con ella separa a la esposa cristia-
1237 706 2265 767 na del esposo hereje; árranca de los brazos
1227 759 2260 825 maternales a la incauta doncella y la lleva,
1239 814 2255 877 por senda de flores a la soledad del claus-
1234 865 2262 930 tro: con ella desata nudos que se creyeron
1234 910 2262 975 indisolubles; auna voluntades que se juzga-
1229 968 2260 1053 ron antagónicas; con ella edifica y derrum-
1237 1018 2270 1096 ba; enloda y endiosea. Y todo.... iper el
1229 1076 2260 1144 amor de Dios! fanática, poseida de un odio
1222 1119 2267 1184 irreconciliable contra la ciencia que ya todo.
1227 1179 2262 1254 lo explica, simplificando el misterio de la vi-
1227 1237 2262 1305 da, y devolviendo a la Naturaleza, la gran-
1234 1292 2262 1370 generadora, el poder qué le usurpara el fa-
1227 1345 1697 1428 natismo del dogma.
1531 1418 2200 1553 ISAREL A. VDA. PELLERANO.
1330 1531 1684 1654 Octubre 1923.
832 1795 1611 1928 ULTIMA RIMA
349 1921 1242 2036 Yo he soñado en mis lúgubres noches,
344 2019 1325 2094 en mis noches tristes de penas y lágrimas,
344 2069 1088 2144 con un beso de amor imposible.
349 2099 1327 2225 sin sed y sin fuego, sin fiebre y sin ansias.
671 2195 1486 2325 Yo no quiero el deleite que enerva,
664 2288 1373 2360 el deleite jadeante que abrasa,
669 2348 1307 2411 y me causan hastío infinito.
669 2375 1647 2494 los labios sensuales que besan y manchan.
877 2481 1742 2579 Oh! mi amadol mi amado imposible!
875 2564 1677 2629 mi novio soñado de dulce mirada,
877 2607 1694 2690 cuando tú con tus labios me beses,
875 2652 1858 2745 bésame sin fuego, sin fiebre y sin ansias;
1091 2737 1961 2841 Dame el beso soñado en mis noches,
1083 2805 2061 2921 en mis noches tristes de penas y lágrimas,
1086 2881 1956 2946 que me deje una estrella en los labios
1091 2921 2039 3027 y un ténue perfume de nardo en el alma.
1714 3004 2109 3132 JUANA BORRERO.
287 3079 749 3192 Cayo Hueso, 1896.
