2479 3508
240 257 445 346 Página 5
1948 249 2207 362 Fémina
798 357 1638 506 NIEBLA Y LUZ
765 547 1113 649 Para FÉMINA.
298 636 546 723 Dudé.....
303 718 1194 775 I surgió en la obscuridad de mi pensa-
199 763 1202 862 miento incierto, la visión de una eterna so-
203 815 391 897 ledad....
303 853 1201 938 Entre sombras de olvido, vi deshecho
198 897 1187 994 el trono que en mi alma levanté al Amor.
198 982 1202 1068 estrujada i sin vida la flor de mi cariño
204 1027 729 1111 que no aromaba ya..
301 1103 1202 1177 L ante la magnitud del sufrimiento, se
199 1139 1132 1231 doblegó mi alma i sangró mi corazón....
294 1239 1185 1311 La fiesta eterna de mi risa se inte-
199 1295 1189 1349 rrumpió de súbito, i en mis labios dejó co-
197 1348 1022 1410 mo recuerdo un doloroso rietus......
301 1397 1195 1467 Lágrimas de dolor tornaron noche obs-
189 1453 1187 1538 cura la aurora de mis ojos, y no vi en el
1242 539 2239 665 porvenir sino sombras..... sombras...e in-
1240 638 1695 706 mensa soledad!.....
1340 795 1502 873 Creí...
1336 832 2238 939 I la mansedumbre de su mirada esenia,
1232 931 2241 988 con derroche de luz iluminó mi pensamien-
1232 976 2141 1043 to y puso en fuga la dantesca visión...
1351 1012 2233 1092 Una sola palabra de sus labios fer-
1234 1057 2236 1141 vientes fue rocío deífico que fecundo la en-
1230 1123 1938 1192 tristecida flor de mi cariño...
1348 1152 2234 1237 Lante la magnitud de mi felicidad fu-
1231 1206 2237 1296 tura volvió a ser mi boca, la dicha, eterna
1229 1284 2224 1359 fiesta, y con una sonrisa venturosa y plá-
1229 1339 2028 1434 cida-¡hosanna!-dije al porvenir...
1762 1404 2179 1507 NATALIA GARCIA.
1330 1445 1482 1548 1923.
377 1723 1152 1857 Pensamiento Negro
284 1896 931 1994 Pensamiento tenáz y sombrío.
288 1976 931 2030 que persigues mi bien......
306 2014 1139 2104 si me invades el alma, mellena de frio
289 2068 729 2157 la vida tambien..
287 2153 1005 2258 Cuál horrible fantasma te siento
287 2228 701 2298 te siento venir....
287 2282 922 2365 y la vida tan negra presiento.
287 2337 762 2422 que quiero morir...
286 2414 1072 2508 Creo a veces que estoy en un cielo.
278 2484 773 2561 de dichas y amor
273 2501 946 2628 y que allí de las aves el vuelo
287 2589 744 2685 se escucha mejor....
274 2668 1027 2777 Mas, de nuevo tenáz pensamiento
278 2752 807 2814 persigues mibien.
281 2791 1229 2887 y tan negra es tu forma, que negra presiento.
273 2847 731 2932 mi vida también.
526 2937 1165 3024 MERCEDES DE LEGREAUX.
590 3011 1116 3100 (Turquesa de Bellamar)
283 3059 611 3146 S. P. Macorís,
273 3116 615 3210 Setiembre 1923.
1382 1635 2083 1756 Qué tienes que así
1450 1742 2229 1879 levantas los brazos...?
1480 1968 2226 2049 ¿Qué tienes que así levantas los
1378 2028 2218 2105 brazos para aprisionar el vacio?
1370 2080 2224 2167 ¿Por qué tiemblas en el fondo de tu-
1370 2138 2224 2208 mirada? ¿Quieres decir algo que
1371 2186 1877 2276 no has dicho nunca?
1478 2227 2212 2362 Tu corazón está triste, cami-
1370 2290 1543 2392 nante?
1465 2363 2224 2472 Las flores se levantan de la tie-
1366 2452 2212 2515 rra para verte, pero tus ojos tristes
1366 2511 2217 2589 de todas las timideces, esquivan sus
1365 2551 1577 2642 miradas.
1479 2619 2198 2715 Tu corazón está triste caminan-
1366 2674 1499 2757 te...
1467 2742 2212 2831 La luz del Universo es toda tu-
1369 2792 2208 2885 ya y la alegría de la Tierra es para
1363 2882 2208 2952 tí. Tu frente se desmaya como una
1360 2931 2199 2992 rosa marchita, y te vas al desierto...
1469 2976 2192 3089 Tu corazón está triste; cami-
1363 3042 1537 3125 nante?
1805 3115 2151 3218 DELIA WEBER.
1356 3183 1877 3300 Santo Domingo, 1921.
