2479 3508
263 195 531 327 Fémina
2044 203 2249 295 Página 6
714 2357 1852 2461 Las graciosas niñitas Durán-Amiama, de la ciudad Capital.
448 2607 1074 2722 COSETTE RIJO
365 2739 1265 2838 Apenas comienza a cruzar el lago de la
263 2806 1265 2900 felicidad su barca cobijada de telas de sedal
269 2882 1262 2950 y largas cintas de azul y violeta impregna-
263 2932 1260 3001 das en perfume de lila, en las noches de lu-
269 2985 1268 3048 na, cuando los alrededores del lago azulado.
266 3038 1263 3099 están ocupados por sus eternos admiradores.
269 3089 1268 3161 que contemplan en extasís el perfil de diosa.
261 3141 797 3215 de la angelical Coseta.
368 3167 1262 3284 Si en un jardín la vemos entre las azu-
1296 2580 2303 2681 cenas, claveles, magnolias y loto, ella resal-
1299 2671 2303 2728 ta como la rosa mas hermosa, como la flon
1299 2723 2300 2782 mas perfumada, si nos detenemos en la pra-
1306 2774 2303 2838 dera y buscamos un sitio perfumado por las
1302 2827 2310 2891 adelfas, encontramos a un ruiseñor o a una
1299 2882 2313 2943 alondra, que cantan melodias y himnos de
1306 2932 2307 2987 amor, para la niña delicada que se desliza-
1309 2984 2313 3052 eternamente por entre los sueños de los
1314 3041 1481 3106 poetas.
1708 3089 2256 3198 MANUEL A. MENA HIJO.
1408 3167 1800 3280 Sto. Dgo. 1923.
