2479 3508
243 204 450 324 Página 7
1937 220 2223 324 Fémina
207 322 2259 442 Información Sobre las Bases y el Plan General de Organización de la Liga de Mujeres
833 437 1620 552 Ibéricas e Hispano Americanas.
1415 519 1988 636 POR BLENA ARIZMENDI.
547 675 869 792 (Conclusión)
215 774 922 894 Cómo impulsar la educación.
309 876 1214 979 Los comités de educación tienen una
215 968 1211 1025 misión ardua y delicada, tener en conside-
212 1019 1206 1086 ración las mútiples infiuencias. para com-
217 1068 1206 1142 binarlas y contrarrestarlas: la idiosincra-
212 1127 1206 1175 cia y las influencias del medio que nos ro-
215 1175 1030 1229 dea, de la sociedad en que vivimos.
319 1219 1209 1295 Con el concurso de particulares y pro-
210 1278 1206 1339 fesionales, personas de recursos intelectua-
215 1334 1211 1398 les y morales, se da impulso a la educación,
220 1390 1206 1461 para esto se organizan conferencias iustruc-
212 1438 927 1507 tivas que ilustren a las masas.
312 1474 1206 1548 Aun en las lejanas comarcas existen
217 1543 1206 1607 personas cultas; profesores, médicos y sa-
210 1597 1206 1658 cerdotes dispuestos a dar su tributo para
212 1648 1209 1714 extender el conocimiento de preceptos úti-
215 1691 1211 1758 les al hogar y productivos en la sociedad.
304 1745 1221 1822 A los ranchos apartados, por medio de
212 1783 1193 1857 las excursioues organizadas con este obje-
215 1852 1214 1916 to, estimulando la circulación de los diarios.
217 1906 1203 1965 y libros instructivos se propaga la educa-
210 1952 1203 2021 ción. Para el cultivo de los espíritus se es-
212 2006 1206 2077 tablecen bibliotecas en todos los lugares
215 2049 1201 2136 de reunión, haciendo colectas de libros que
212 2118 1211 2202 no necesitan abundar en cantidad mas sí
212 2159 480 2248 en calidad.
207 2213 521 2317 Beneficencia.
304 2310 1191 2414 Los comités de beneficencia deben es-
207 2397 1209 2466 forzarse por darle auxilio inmediato a los
210 2448 1206 2522 niños abandonados, a los huérfanos y a
215 2494 1196 2581 las jóvenes desamparadas, a las iumigran-
212 2555 1209 2639 tes, y a las que no lo sean, sin tener en
212 2598 1065 2667 cuenta religión, raza o nacionalidad!.
309 2657 1203 2716 Con las observaciones y experimentos
207 2698 1201 2785 hechos en este país para mejorar la condi-
207 2757 1203 2836 ción del niño, se ha descubierto que resul-
207 2816 1203 2877 ta más económico pasar una pensión mode-
210 2869 1211 2933 rada a las familias que aceptan hacerse
217 2923 1203 2974 cargo del cuidado de los niños, que soste-
212 2971 1206 3038 ner los fuertes gastos que originan los asi-
210 3010 1209 3086 los. Mas todavía, los niños desarrollados
207 3071 1193 3140 dentro de los hogares, con este sistema, su
215 3132 1209 3196 peran física y moralmente a los niños que
210 3178 1134 3268 crecen encerrados en las casas de asilo.
1326 669 2256 779 Para las mujeres sin familia, se toman
1239 761 2248 833 casas que ofrecen amparo a la mujer. En
1247 810 2241 879 ellas se abren agencias destinadas a bus¬
1247 864 2241 933 car trabajo a las que carecen de él, facili¬
1252 920 2264 981 tando así los medios de subsistencia, y a
1252 968 2254 1030 estas casas también se lleva instrucción a
1255 1025 2251 1083 las jóvenes a quienes se les proporcionan-
1247 1073 1794 1150 también sanos recreos.
1244 1142 1502 1260 Finanzas.
1344 1249 2254 1354 Los comités encargados de procurar
1244 1303 2238 1398 fondos para cubrir los gastos que la socie-
1247 1390 2241 1441 dad erogue, debén emplear todas las for-
1244 1436 2241 1500 mas lícitas y no agotar ningún esfuerzo en
1247 1497 2246 1561 este sentido. Para esto se imponen cuotas,
1247 1548 2246 1605 aunque moderadas, se piden donativos, se
1252 1599 2236 1658 hacen colectas, y se organizan funciones
1244 1651 2246 1720 teatrales, conciertos, bailes y otros entrete-
1244 1702 1500 1773 nimientos.
1357 1717 2248 1822 Una persona responsable y apta debe
1244 1791 2246 1875 siempre encabezar esta clase de comités.
1252 1852 2251 1914 A ella corresponde aprobar las transaccio-
1244 1906 2251 1972 nes, y la inversión que se dé a los fondos,
1244 1957 1602 2044 de la sociedad.
1244 2039 2190 2149 Miembros honorarios de la institución.
1331 2128 2241 2231 Las presidentas honorarias de la Liga
1242 2218 2241 2284 de Mujeres Ibéricas e Hispanoamericanas,
1244 2279 2241 2343 se ha aprobado que sean las primeras da¬
1242 2328 2241 2386 mas de cada nación: La Reina de Espa-
1247 2374 2248 2463 ña y las esposas de los presidentes de las
1239 2432 1990 2506 repúblicas Hispanoamericanas.
1344 2486 2238 2575 En esta empresa ellas tienen el iuelu-
1239 2552 2236 2627 dible deber patriótico de cooperar, Inmen-
1234 2619 2220 2675 so es el trabajo que en todo género de ac-
1242 2665 2223 2731 tividades se ofrece, urge prepararlo y a-
1247 2716 2231 2785 diestrarlo para desempeñarlo cumplida-
1242 2777 2236 2833 mente. Hoy más que núnca, el lauro del
1244 2818 2233 2890 triuuto debe ceñir la frente de la mujer
1242 2882 2241 2941 sana, inteligente y perseverante; y esta
1239 2931 2236 2987 condición de éxito aplicase a las mujeres
1239 2984 2236 3061 de todas las clases so iales, y muy parti-
1239 3035 2238 3112 cularmente a las damas que ocupan el
1252 3084 2080 3150 puesto más elevado en una nación.
1344 3107 2236 3201 El título de miembros honorarios debe
1234 3166 2241 3265 darse a damas de gran prestigio adquirido.
