2479 3508
248 177 528 300 Fémina
2067 176 2267 304 Página 8
202 290 1244 402 Palabras del Señor a una
365 385 1092 499 mujer recién madre
213 514 1097 627 Ya eres madre, ya no tienes derecho
213 597 551 671 tú al pecado.
222 655 471 720 ya la vida!
217 696 640 796 te ha santificado.
213 777 623 890 Has salido de tí.
216 868 624 942 como del vientre.
208 919 624 1008 el hijo que te dí.
214 989 673 1104 Albos, sin mancha,
216 1070 840 1152 redimidos por el misterio
213 1141 818 1226 que en la tierra es cielo.
214 1219 922 1325 Madre, ya no tienes derecho
216 1295 594 1369 a hacer pecado.
216 1322 838 1443 el dolor te ha santificado.
214 1426 880 1540 A ríos ha corrido tu sangre
222 1513 806 1594 para que ya sin mancha
216 1568 523 1652 te quedases.
213 1628 604 1737 Mujer te redimí.
221 1716 692 1817 y blanca cruz te dí.
217 1795 733 1907 Mujer, tú ya no eres.
218 1882 698 1954 tan sólo una mujer,
218 1936 686 2025 porque eres madre.
272 1997 599 2102 México, 1923.
668 2050 1134 2154 JOSEFINA ZENDEJAS.
1408 302 2174 421 Sr., sin voz me tienes
1273 552 1871 647 Señor sin voz me tienes:
1275 630 1778 703 en la tierra tendida,
1279 684 1773 748 como polvo, molida.
1279 738 1734 819 ¡Señor aviéntame!
1275 829 1866 914 Para hacerme de nuevo,
1279 892 1964 968 Señor, Tú me has deshecho.
1279 992 2020 1074 Como a vieja campana rajada
1284 1062 1746 1128 que a nadie llama,
1275 1102 1936 1199 Señor, Tú me has fundido.
1273 1193 1776 1300 En tu crisol, Señor,
1274 1274 1722 1365 agonizando estoy.
1284 1347 1856 1451 Ya no siento los huesos
1275 1427 1937 1520 ni las oleadas de la pasión
1279 1504 1652 1620 Señor, tuya soy
1275 1589 1774 1672 entregada me tienes.
1282 1644 1508 1728 ¡Alzame!
1282 1710 1967 1850 Tengo miedo de todo Señor,
1292 1807 1537 1897 ¡Oúbremel?
1262 1890 1912 1989 Señor, ¿por qué a mi así?
1273 1968 1570 2060 ¡Guardame!
1725 2044 2200 2154 JOSEFINA ZENDEJAS.
213 2232 1221 2361 por reconocidos méritos morales e intelec-
213 2317 389 2405 tuales.
213 2388 759 2514 El Centro de la Liga.
318 2492 1236 2608 En los Estados Unidos de América, en
221 2570 1235 2661 la ciudad de Nueva York, la Liga deberá
217 2644 1221 2713 tener establecido su Centro. En este Cen
222 2705 1223 2765 debe figúrar una dama de cada país hispa-
218 2757 1226 2811 no. Así se logrará reunir un contigente
221 2794 1212 2874 de inteligencias muy valioso para el desa-
222 2852 1232 2916 rrollo de esta empresa, que puede ser ade-
225 2911 1238 2977 más un motivo justo de orgullo para la
218 2955 1238 3022 mujer de habla española, la cual en esta
213 3019 1238 3103 forma adquirirá una representación, no so-
222 3069 989 3140 lo en la Liga sino en exranjero.
329 3114 1221 3186 Las personas que encabecen esta so-
216 3168 1230 3228 ciedad deberán ser españolas e hispanoa-
213 3233 1230 3323 mericanas. La Liga procurará prestar y
1270 2252 2302 2332 aceptar colaboración de instituciones ex-
1275 2331 2308 2405 tranjeras; pero conservará su prestigio al
1275 2379 2204 2454 mantener una posición independiente.
1384 2439 2294 2516 For medio de nuestra revista FEME-
1283 2497 2304 2583 NISMO INTERNACIONAL, se dará a co-
1282 2570 2301 2640 nocer a las mujeres de todos los países, el
1275 2622 2094 2690 resultado de sus nobles esfuerzos.
1384 2664 2304 2738 Las altas personalidades que nos han
1274 2717 2298 2787 brindado su apoyo y que generosamente,
1275 2782 2298 2850 nos honran con su cooperación en esta for-
1275 2838 2294 2900 ma se hacen autores del rápido progreso
1273 2887 1821 2973 de esta labor cultural.
1381 2950 2302 3029 Esta una hermosa manifestación de
1275 3022 2301 3084 que nuestros hombres se unen al progreso
1275 3078 2293 3147 moral y material de la mujer hispana. Y
1270 3136 2298 3195 así foma cuerpo del sublime pensamiento:
1275 3180 2294 3247 La comunión de los dos sexos en la unifica-
1270 3229 1695 3323 cación de la raza.
