<?xml version="1.0" encoding="UTF-8" standalone="yes"?>
<PcGts xmlns="http://schema.primaresearch.org/PAGE/gts/pagecontent/2013-07-15" xmlns:xsi="http://www.w3.org/2001/XMLSchema-instance" xsi:schemaLocation="http://schema.primaresearch.org/PAGE/gts/pagecontent/2013-07-15 http://schema.primaresearch.org/PAGE/gts/pagecontent/2013-07-15/pagecontent.xsd">
    <Metadata>
        <Creator>prov=READ-COOP:name=PyLaia@TranskribusPlatform:version=2.43.0:model_id=558697:lm=none:date=12_05_2026_10:39</Creator>
        <Created>2025-10-15T18:38:21.169+02:00</Created>
        <LastChange>2026-05-29T22:40:49.827+02:00</LastChange>
        <TranskribusMetadata docId="11368978" pageId="104387589" pageNr="10" tsid="289887996" status="IN_PROGRESS" userId="500001" imgUrl="https://files.transkribus.eu/Get?fileType=view&amp;id=KPQCBEJZDIEOCNAXHQFRVOVN" xmlUrl="https://files.transkribus.eu/Get?id=IJLNHMRZWFTNVJXBKJUINPAP" imageId="87597336"/>
    </Metadata>
    <Page imageFilename="0010_p010.jpg" imageWidth="2479" imageHeight="3508">
        <ReadingOrder>
            <OrderedGroup id="ro_1781166508925" caption="Regions reading order">
                <RegionRefIndexed index="0" regionRef="r"/>
                <RegionRefIndexed index="1" regionRef="r_2"/>
                <RegionRefIndexed index="2" regionRef="r_4"/>
                <RegionRefIndexed index="3" regionRef="r_1"/>
                <RegionRefIndexed index="4" regionRef="r_6"/>
                <RegionRefIndexed index="5" regionRef="r_3"/>
            </OrderedGroup>
        </ReadingOrder>
        <TextRegion id="r" custom="readingOrder {index:0;}">
            <Coords points="197,275 197,219 1259,219 1259,275"/>
            <TextLine id="l" custom="readingOrder {index:0;}">
                <Coords points="275,273 286,272 301,286 397,272 447,252 452,258 479,252 479,206 396,213 373,196 313,196 301,205 275,195"/>
                <Baseline points="283,244 308,246 333,247 358,247 383,247 408,247 433,246 458,244 483,244"/>
                <TextEquiv>
                    <Unicode>Página?</Unicode>
                </TextEquiv>
            </TextLine>
            <TextEquiv>
                <Unicode></Unicode>
            </TextEquiv>
        </TextRegion>
        <TextRegion id="r_2" custom="readingOrder {index:1;}">
            <Coords points="1236,325 1236,251 2316,251 2316,325"/>
            <TextLine id="l_51" custom="readingOrder {index:0;}">
                <Coords points="2014,309 2064,297 2242,302 2314,287 2311,202 2295,193 2229,234 2194,222 2140,238 2013,227"/>
                <Baseline points="2021,280 2047,280 2074,281 2101,282 2128,284 2155,286 2181,288 2208,289 2235,289 2262,288 2289,286 2316,283"/>
                <TextEquiv>
                    <Unicode>Fémina</Unicode>
                </TextEquiv>
            </TextLine>
            <TextEquiv>
                <Unicode></Unicode>
            </TextEquiv>
        </TextRegion>
        <TextRegion id="r_4" custom="readingOrder {index:2;}">
            <Coords points="197,1534 197,275 1259,275 1259,1534"/>
            <TextLine id="l_109" custom="readingOrder {index:0;}">
                <Coords points="456,420 603,432 664,407 692,427 1025,429 1021,308 964,299 700,315 638,372 598,355 564,374 455,369"/>
                <Baseline points="462,391 490,391 518,392 546,396 575,397 603,397 631,399 659,400 688,400 716,400 744,401 772,403 801,403 829,404 857,405 885,403 914,401 942,404 970,406 998,406 1027,409"/>
                <TextEquiv>
                    <Unicode>ESTAFETA</Unicode>
                </TextEquiv>
            </TextLine>
            <TextLine id="l_110" custom="readingOrder {index:1;}">
                <Coords points="309,554 830,557 1035,592 1134,577 1133,497 876,521 692,477 308,509"/>
                <Baseline points="316,537 357,540 398,540 439,542 480,543 521,545 562,546 603,547 644,549 685,549 726,549 767,549 808,552 849,552 890,552 931,552 972,554 1013,555 1054,555 1095,556 1137,561"/>
                <TextEquiv>
                    <Unicode>Santo Domingo, Noviembre 8 de 1923.</Unicode>
                </TextEquiv>
            </TextLine>
            <TextLine id="l_111" custom="readingOrder {index:2;}">
                <Coords points="313,609 489,627 589,610 726,636 783,616 928,641 939,565 593,579 310,555"/>
                <Baseline points="319,597 350,597 381,597 412,597 443,599 475,600 506,600 537,600 568,602 599,604 631,606 662,606 693,606 724,606 755,606 787,607 818,609 849,609 880,611 911,612 943,612"/>
                <TextEquiv>
                    <Unicode>Señora Consuelo M. de Frías.</Unicode>
                </TextEquiv>
            </TextLine>
            <TextLine id="l_112" custom="readingOrder {index:3;}">
                <Coords points="232,692 343,669 455,685 527,687 569,670 598,687 651,680 650,620 583,610 345,627 229,606"/>
                <Baseline points="238,650 263,652 289,653 315,655 341,656 367,656 393,657 419,659 445,657 471,657 497,658 523,659 549,659 575,659 601,659 627,661 653,662"/>
                <TextEquiv>
                    <Unicode>Distinguida señora.</Unicode>
                </TextEquiv>
            </TextLine>
            <TextLine id="l_113" custom="readingOrder {index:4;}">
                <Coords points="302,734 1257,747 1256,691 1133,666 943,694 301,676"/>
                <Baseline points="310,710 357,713 404,713 452,714 499,716 547,717 594,719 642,720 689,722 737,722 784,724 831,725 879,727 926,728 974,728 1021,731 1069,731 1116,731 1164,734 1211,734 1259,734"/>
                <TextEquiv>
                    <Unicode>Con sincero entusiasmo he leido en el último</Unicode>
                </TextEquiv>
            </TextLine>
            <TextLine id="l_114" custom="readingOrder {index:5;}">
                <Coords points="217,770 1162,798 1235,787 1234,751 215,723"/>
                <Baseline points="223,755 273,755 324,757 374,756 425,758 476,760 526,761 577,764 628,764 678,764 729,767 780,768 830,770 881,770 932,772 982,773 1033,776 1084,773 1134,773 1185,776 1236,776"/>
                <TextEquiv>
                    <Unicode>número de "Pémina” su pagina titulada: "Prac-</Unicode>
                </TextEquiv>
            </TextLine>
            <TextLine id="l_115" custom="readingOrder {index:6;}">
                <Coords points="223,823 1248,848 1226,785 222,769"/>
                <Baseline points="229,797 280,800 331,802 382,800 433,802 484,805 535,808 586,809 637,809 688,812 739,812 790,814 841,815 892,817 943,818 994,815 1045,821 1096,821 1147,821 1198,823 1250,824"/>
                <TextEquiv>
                    <Unicode>tiquemos la Caridad", que ha despertado en mi</Unicode>
                </TextEquiv>
            </TextLine>
            <TextLine id="l_116" custom="readingOrder {index:7;}">
                <Coords points="223,879 316,852 830,870 829,833 779,820 222,821"/>
                <Baseline points="229,844 259,846 289,847 319,847 349,847 379,847 409,847 440,847 470,848 500,850 530,850 560,851 590,853 620,853 651,853 681,853 711,855 741,856 771,856 801,858 832,856"/>
                <TextEquiv>
                    <Unicode>alma viva simpatía hacia Ud.</Unicode>
                </TextEquiv>
            </TextLine>
            <TextLine id="l_117" custom="readingOrder {index:8;}">
                <Coords points="302,910 1245,931 1244,880 1153,855 301,855"/>
                <Baseline points="310,889 356,889 403,892 450,892 497,895 544,896 591,898 637,898 684,899 731,901 778,901 825,902 872,904 919,906 965,907 1012,907 1059,909 1106,910 1153,910 1200,910 1247,907"/>
                <TextEquiv>
                    <Unicode>Era tiempo de que un espíritu emprendedor.</Unicode>
                </TextEquiv>
            </TextLine>
            <TextLine id="l_118" custom="readingOrder {index:9;}">
                <Coords points="226,947 1238,988 1236,931 224,894"/>
                <Baseline points="232,937 282,934 332,935 382,937 433,937 483,937 533,939 584,943 634,943 684,943 735,944 785,947 835,949 885,949 936,949 986,951 1036,955 1087,955 1137,958 1187,957 1238,955"/>
                <TextEquiv>
                    <Unicode>y decidido, iniciara esa obra altruista, que ha de</Unicode>
                </TextEquiv>
            </TextLine>
            <TextLine id="l_119" custom="readingOrder {index:10;}">
                <Coords points="217,1008 1092,1016 1099,972 215,946"/>
                <Baseline points="223,979 266,979 310,979 354,979 398,979 442,982 486,985 530,985 574,985 618,987 662,988 705,990 749,991 793,991 837,993 881,992 925,993 969,996 1013,997 1057,999 1101,997"/>
                <TextEquiv>
                    <Unicode>llevar consuelo á los infelices necesitados.</Unicode>
                </TextEquiv>
            </TextLine>
            <TextLine id="l_120" custom="readingOrder {index:11;}">
                <Coords points="297,1033 1229,1061 1227,1011 1195,1004 296,996"/>
                <Baseline points="304,1024 350,1027 396,1024 442,1024 489,1025 535,1030 581,1032 628,1032 674,1033 720,1035 767,1034 813,1034 859,1038 905,1038 952,1039 998,1041 1044,1043 1091,1044 1137,1044 1183,1046 1230,1047"/>
                <TextEquiv>
                    <Unicode>Le aseguro que ahora y en toda oportunidad,</Unicode>
                </TextEquiv>
            </TextLine>
            <TextLine id="l_121" custom="readingOrder {index:12;}">
                <Coords points="214,1079 1233,1101 1215,1057 213,1035"/>
                <Baseline points="220,1062 270,1065 321,1066 372,1068 423,1068 474,1072 524,1074 575,1077 626,1077 677,1080 728,1080 778,1080 829,1080 880,1082 931,1083 982,1086 1032,1089 1083,1087 1134,1089 1185,1091 1236,1092"/>
                <TextEquiv>
                    <Unicode>estoy dispuesta a prestar mi ayuda en cuanto</Unicode>
                </TextEquiv>
            </TextLine>
            <TextLine id="l_122" custom="readingOrder {index:13;}">
                <Coords points="217,1134 1136,1166 1235,1145 1234,1107 215,1078"/>
                <Baseline points="223,1110 273,1110 324,1113 375,1113 426,1115 476,1118 527,1121 578,1122 629,1122 679,1122 730,1122 781,1123 832,1127 882,1128 933,1131 984,1131 1035,1131 1085,1135 1136,1137 1187,1135 1238,1137"/>
                <TextEquiv>
                    <Unicode>fuere necesario, para ver hecha realidad tangible.</Unicode>
                </TextEquiv>
            </TextLine>
            <TextLine id="l_123" custom="readingOrder {index:14;}">
                <Coords points="214,1189 327,1163 555,1190 905,1184 903,1147 864,1136 213,1133"/>
                <Baseline points="220,1158 254,1158 288,1158 323,1158 357,1158 391,1160 426,1161 460,1162 494,1164 529,1164 563,1166 597,1167 632,1166 666,1164 700,1164 735,1165 769,1168 803,1170 838,1168 872,1170 907,1173"/>
                <TextEquiv>
                    <Unicode>una obra tan digna de economío.</Unicode>
                </TextEquiv>
            </TextLine>
            <TextLine id="l_124" custom="readingOrder {index:15;}">
                <Coords points="300,1221 1227,1244 1238,1184 299,1171"/>
                <Baseline points="307,1206 353,1200 400,1203 447,1206 493,1206 540,1207 587,1209 633,1210 680,1213 727,1215 774,1215 820,1216 867,1218 914,1220 960,1221 1007,1221 1054,1221 1100,1221 1147,1221 1194,1223 1241,1221"/>
                <TextEquiv>
                    <Unicode>No vacile en dirigirse á mí, en cualquier ca-</Unicode>
                </TextEquiv>
            </TextLine>
            <TextLine id="l_125" custom="readingOrder {index:16;}">
                <Coords points="211,1253 1151,1292 1231,1284 1230,1234 210,1204"/>
                <Baseline points="217,1244 267,1244 318,1246 369,1245 420,1249 471,1252 521,1253 572,1253 623,1253 674,1256 725,1256 775,1257 826,1259 877,1261 928,1262 979,1262 1029,1265 1080,1266 1131,1268 1182,1268 1233,1271"/>
                <TextEquiv>
                    <Unicode>so que tenga necesidad de mis servicios aquíen</Unicode>
                </TextEquiv>
            </TextLine>
            <TextLine id="l_126" custom="readingOrder {index:17;}">
                <Coords points="211,1309 1002,1322 1072,1357 1217,1341 1216,1280 210,1254"/>
                <Baseline points="217,1289 267,1289 317,1292 367,1293 417,1295 467,1295 517,1297 567,1298 617,1301 667,1301 717,1301 767,1304 817,1305 867,1309 917,1310 967,1310 1017,1310 1067,1313 1117,1313 1167,1314 1218,1313"/>
                <TextEquiv>
                    <Unicode>la Capital, donde estoy completa é incondicional.</Unicode>
                </TextEquiv>
            </TextLine>
            <TextLine id="l_127" custom="readingOrder {index:18;}">
                <Coords points="208,1363 890,1377 897,1313 206,1300"/>
                <Baseline points="214,1334 248,1336 282,1337 317,1338 351,1340 385,1340 420,1340 454,1341 488,1343 523,1343 557,1345 591,1346 626,1346 660,1346 694,1348 729,1349 763,1349 797,1349 832,1349 866,1351 901,1349"/>
                <TextEquiv>
                    <Unicode>mente á sus gratísimas órdenes.</Unicode>
                </TextEquiv>
            </TextLine>
            <TextLine id="l_128" custom="readingOrder {index:19;}">
                <Coords points="557,1427 586,1423 616,1443 724,1425 784,1448 808,1432 853,1441 896,1430 894,1374 840,1384 796,1368 774,1381 707,1356 652,1375 614,1361 556,1367"/>
                <Baseline points="564,1409 589,1409 615,1409 641,1409 666,1409 692,1409 718,1410 743,1412 769,1414 795,1415 820,1415 846,1415 872,1415 898,1415"/>
                <TextEquiv>
                    <Unicode>De ud. atta. ss.</Unicode>
                </TextEquiv>
            </TextLine>
            <TextLine id="l_129" custom="readingOrder {index:20;}">
                <Coords points="735,1516 800,1500 898,1530 1013,1496 1038,1514 1190,1526 1180,1441 1094,1427 998,1447 912,1431 734,1440"/>
                <Baseline points="743,1483 769,1483 795,1483 822,1485 848,1487 874,1489 901,1491 927,1492 953,1492 980,1492 1006,1492 1032,1492 1059,1492 1085,1494 1111,1495 1138,1495 1164,1494 1191,1492"/>
                <TextEquiv>
                    <Unicode>NATALIA A. GARCIA.</Unicode>
                </TextEquiv>
            </TextLine>
            <TextEquiv>
                <Unicode></Unicode>
            </TextEquiv>
        </TextRegion>
        <TextRegion id="r_1" custom="readingOrder {index:3;}">
            <Coords points="197,2408 197,1534 1259,1534 1259,2408"/>
            <TextLine id="l_1" custom="readingOrder {index:0;}">
                <Coords points="284,1611 1183,1650 1181,1578 1104,1563 852,1594 282,1530"/>
                <Baseline points="292,1603 336,1609 381,1609 425,1609 470,1612 515,1612 559,1615 604,1615 649,1615 693,1618 738,1618 783,1618 827,1621 872,1621 917,1624 961,1624 1006,1624 1051,1627 1095,1627 1140,1627 1185,1624"/>
                <TextEquiv>
                    <Unicode>San P. de Macorís, Noviembre 20 de 1923.</Unicode>
                </TextEquiv>
            </TextLine>
            <TextLine id="l_2" custom="readingOrder {index:1;}">
                <Coords points="292,1673 455,1708 491,1686 883,1703 938,1698 937,1631 753,1649 602,1627 550,1646 290,1618"/>
                <Baseline points="298,1659 330,1661 362,1665 394,1668 426,1668 458,1670 490,1671 522,1671 554,1673 586,1674 619,1674 651,1674 683,1674 715,1675 747,1677 779,1677 811,1677 843,1678 875,1680 907,1680 940,1680"/>
                <TextEquiv>
                    <Unicode>Srta. Natalia Angélica García.</Unicode>
                </TextEquiv>
            </TextLine>
            <TextLine id="l_3" custom="readingOrder {index:2;}">
                <Coords points="692,1749 707,1750 718,1741 741,1759 764,1759 770,1766 789,1755 816,1755 826,1745 840,1755 861,1742 882,1741 879,1695 837,1694 815,1704 770,1686 755,1698 746,1693 726,1700 710,1690 688,1695"/>
                <Baseline points="698,1728 724,1730 750,1731 777,1733 803,1734 830,1734 856,1737 883,1740"/>
                <TextEquiv>
                    <Unicode>Capital.</Unicode>
                </TextEquiv>
            </TextLine>
            <TextLine id="l_4" custom="readingOrder {index:3;}">
                <Coords points="284,1789 1227,1821 1216,1731 1094,1771 461,1750 409,1719 283,1744"/>
                <Baseline points="292,1779 338,1779 385,1782 432,1782 479,1783 526,1785 573,1786 620,1788 667,1789 714,1790 761,1791 807,1794 854,1794 901,1796 948,1795 995,1796 1042,1797 1089,1799 1136,1803 1183,1803 1230,1800"/>
                <TextEquiv>
                    <Unicode>Amable Sta: He leido su enaltecedora carta</Unicode>
                </TextEquiv>
            </TextLine>
            <TextLine id="l_5" custom="readingOrder {index:4;}">
                <Coords points="200,1842 1204,1868 1211,1817 197,1787"/>
                <Baseline points="206,1812 256,1821 306,1822 357,1825 407,1827 458,1827 508,1829 559,1830 609,1833 660,1833 710,1836 760,1836 811,1838 861,1839 912,1839 962,1842 1013,1842 1063,1845 1114,1845 1164,1845 1215,1839"/>
                <TextEquiv>
                    <Unicode>y profundanmente agradecida de los inmereci¬</Unicode>
                </TextEquiv>
            </TextLine>
            <TextLine id="l_6" custom="readingOrder {index:5;}">
                <Coords points="197,1886 1047,1912 1221,1899 1221,1869 196,1839"/>
                <Baseline points="203,1862 254,1865 305,1866 356,1868 407,1870 458,1873 509,1871 560,1877 611,1877 662,1877 713,1878 764,1880 815,1882 866,1883 917,1883 968,1886 1019,1886 1070,1886 1121,1886 1172,1886 1224,1886"/>
                <TextEquiv>
                    <Unicode>dos elogios que hace en ella de mi humilde per-</Unicode>
                </TextEquiv>
            </TextLine>
            <TextLine id="l_7" custom="readingOrder {index:6;}">
                <Coords points="204,1921 1167,1953 1216,1944 1215,1899 202,1887"/>
                <Baseline points="211,1904 261,1910 311,1913 362,1913 412,1914 462,1918 513,1919 563,1919 613,1922 664,1922 714,1922 764,1923 815,1925 865,1927 915,1928 966,1931 1016,1931 1066,1931 1117,1934 1167,1934 1218,1934"/>
                <TextEquiv>
                    <Unicode>sona, doy a usted mis más expresivas gracias,</Unicode>
                </TextEquiv>
            </TextLine>
            <TextLine id="l_8" custom="readingOrder {index:7;}">
                <Coords points="204,1969 1229,1986 1212,1944 202,1921"/>
                <Baseline points="211,1955 264,1953 318,1956 371,1958 425,1960 479,1964 532,1964 586,1965 640,1967 693,1967 747,1970 800,1970 854,1973 908,1973 961,1975 1015,1976 1069,1979 1122,1976 1176,1978 1230,1979"/>
                <TextEquiv>
                    <Unicode>por la bondad con que me hajuzgado, así como</Unicode>
                </TextEquiv>
            </TextLine>
            <TextLine id="l_9" custom="readingOrder {index:8;}">
                <Coords points="205,2012 896,2026 1131,2067 1213,2063 1212,1996 204,1972"/>
                <Baseline points="211,1997 261,1997 311,1998 361,2001 411,2004 462,2006 512,2008 562,2009 612,2012 662,2012 713,2013 763,2015 813,2015 863,2017 913,2018 964,2020 1014,2021 1064,2021 1114,2024 1164,2024 1215,2024"/>
                <TextEquiv>
                    <Unicode>por su sincera adhesión al proyecto de bién que</Unicode>
                </TextEquiv>
            </TextLine>
            <TextLine id="l_10" custom="readingOrder {index:9;}">
                <Coords points="199,2056 632,2059 673,2081 951,2078 974,2054 892,2027 197,2010"/>
                <Baseline points="206,2042 244,2042 283,2044 321,2045 360,2046 398,2049 437,2052 475,2054 514,2054 552,2054 591,2054 629,2055 668,2057 706,2058 745,2060 783,2060 822,2060 860,2062 899,2063 937,2063 976,2063"/>
                <TextEquiv>
                    <Unicode>me anima a favor de los necesitados.</Unicode>
                </TextEquiv>
            </TextLine>
            <TextLine id="l_11" custom="readingOrder {index:10;}">
                <Coords points="273,2108 1215,2127 1192,2054 864,2085 272,2067"/>
                <Baseline points="280,2086 326,2089 373,2092 420,2092 467,2096 513,2098 560,2098 607,2098 654,2099 700,2101 747,2102 794,2105 841,2107 887,2107 934,2109 981,2110 1028,2110 1074,2110 1121,2112 1168,2113 1215,2110"/>
                <TextEquiv>
                    <Unicode>Oportunamente le avisaremos, y tendremos,</Unicode>
                </TextEquiv>
            </TextLine>
            <TextLine id="l_12" custom="readingOrder {index:11;}">
                <Coords points="193,2142 1206,2173 1193,2123 192,2097"/>
                <Baseline points="200,2128 250,2131 300,2132 351,2134 401,2137 452,2140 502,2140 553,2143 603,2143 654,2143 704,2147 754,2149 805,2151 855,2152 906,2152 956,2152 1007,2155 1057,2155 1108,2155 1158,2156 1209,2158"/>
                <TextEquiv>
                    <Unicode>especial gusto en aceptar su valioso contingente.</Unicode>
                </TextEquiv>
            </TextLine>
            <TextLine id="l_13" custom="readingOrder {index:12;}">
                <Coords points="273,2197 659,2196 894,2240 1199,2217 1161,2168 272,2156"/>
                <Baseline points="280,2176 326,2176 372,2182 418,2182 464,2185 510,2185 556,2188 603,2191 649,2192 695,2194 741,2194 787,2195 833,2198 879,2200 926,2200 972,2200 1018,2200 1064,2202 1110,2203 1156,2203 1203,2203"/>
                <TextEquiv>
                    <Unicode>Sin otro particular, queda a sus gratas órde</Unicode>
                </TextEquiv>
            </TextLine>
            <TextLine id="l_14" custom="readingOrder {index:13;}">
                <Coords points="191,2251 319,2238 400,2268 678,2256 737,2273 747,2215 188,2185"/>
                <Baseline points="197,2218 224,2220 252,2221 280,2221 308,2222 335,2224 363,2226 391,2228 419,2230 446,2232 474,2233 502,2233 530,2233 557,2233 585,2235 613,2236 641,2236 668,2238 696,2239 724,2239 752,2245"/>
                <TextEquiv>
                    <Unicode>nes su servidora y amiga.</Unicode>
                </TextEquiv>
            </TextLine>
            <TextLine id="l_15" custom="readingOrder {index:14;}">
                <Coords points="643,2332 852,2347 940,2325 1008,2351 1176,2328 1175,2291 1119,2265 1034,2283 925,2264 832,2283 642,2265"/>
                <Baseline points="650,2307 676,2307 702,2307 729,2309 755,2310 782,2310 808,2312 835,2313 861,2313 888,2314 914,2316 940,2316 967,2316 993,2316 1020,2317 1046,2319 1073,2319 1099,2319 1126,2319 1152,2319 1179,2319"/>
                <TextEquiv>
                    <Unicode>CONSUELO M. DE FRIAS.</Unicode>
                </TextEquiv>
            </TextLine>
            <TextEquiv>
                <Unicode></Unicode>
            </TextEquiv>
        </TextRegion>
        <TextRegion id="r_6" custom="readingOrder {index:4;}">
            <Coords points="1259,2408 1259,3299 197,3299 197,2408"/>
            <TextLine id="l_16" custom="readingOrder {index:0;}">
                <Coords points="346,2491 511,2519 687,2491 979,2518 1047,2504 1046,2457 910,2411 751,2447 502,2418 466,2447 343,2414"/>
                <Baseline points="352,2469 386,2471 421,2472 456,2474 491,2477 526,2477 561,2479 596,2480 631,2481 666,2483 701,2483 735,2483 770,2483 805,2483 840,2486 875,2486 910,2487 945,2489 980,2489 1015,2487 1050,2486"/>
                <TextEquiv>
                    <Unicode>Solución a la charada No. 14:</Unicode>
                </TextEquiv>
            </TextLine>
            <TextLine id="l_17" custom="readingOrder {index:1;}">
                <Coords points="506,2574 527,2564 637,2589 719,2578 773,2595 873,2579 870,2528 846,2529 801,2498 762,2519 680,2492 625,2511 575,2501 505,2519"/>
                <Baseline points="513,2555 538,2552 564,2549 590,2551 616,2552 641,2552 667,2553 693,2555 719,2555 745,2556 770,2557 796,2560 822,2563 848,2564 874,2564"/>
                <TextEquiv>
                    <Unicode>PI-LA-TO.</Unicode>
                </TextEquiv>
            </TextLine>
            <TextLine id="l_18" custom="readingOrder {index:2;}">
                <Coords points="388,2707 805,2692 990,2714 975,2615 902,2616 865,2643 764,2589 659,2616 578,2588 521,2610 386,2606"/>
                <Baseline points="394,2666 423,2670 453,2673 483,2675 513,2677 543,2678 573,2678 602,2680 632,2681 662,2681 692,2682 722,2683 752,2683 782,2683 811,2684 841,2686 871,2686 901,2686 931,2686 961,2688 991,2689"/>
                <TextEquiv>
                    <Unicode>Charada No. 15</Unicode>
                </TextEquiv>
            </TextLine>
            <TextLine id="l_19" custom="readingOrder {index:3;}">
                <Coords points="673,2815 700,2808 744,2829 857,2811 919,2842 943,2823 1015,2832 1020,2769 890,2730 810,2764 783,2748 750,2761 670,2751"/>
                <Baseline points="680,2797 706,2797 732,2797 759,2799 785,2801 812,2803 838,2803 865,2803 891,2805 918,2806 944,2806 971,2807 997,2809 1024,2806"/>
                <TextEquiv>
                    <Unicode>Para FÉMINA.</Unicode>
                </TextEquiv>
            </TextLine>
            <TextLine id="l_20" custom="readingOrder {index:4;}">
                <Coords points="434,2874 937,2884 935,2841 857,2811 741,2829 574,2796 529,2819 433,2824"/>
                <Baseline points="441,2860 467,2862 493,2863 519,2863 546,2864 572,2866 598,2866 624,2866 651,2868 677,2869 703,2869 729,2869 756,2869 782,2871 808,2872 834,2872 861,2873 887,2875 913,2875 940,2875"/>
                <TextEquiv>
                    <Unicode>La primera de mi Total</Unicode>
                </TextEquiv>
            </TextLine>
            <TextLine id="l_21" custom="readingOrder {index:5;}">
                <Coords points="438,2917 721,2933 815,2916 951,2949 948,2883 437,2876"/>
                <Baseline points="444,2904 469,2906 494,2907 520,2907 545,2907 571,2907 596,2908 621,2910 647,2912 672,2913 698,2913 723,2913 748,2913 774,2913 799,2913 825,2914 850,2916 875,2918 901,2919 926,2919 952,2922"/>
                <TextEquiv>
                    <Unicode>la lleva al triunfo cabal.</Unicode>
                </TextEquiv>
            </TextLine>
            <TextLine id="l_22" custom="readingOrder {index:6;}">
                <Coords points="436,2962 930,2981 929,2942 810,2921 584,2930 433,2911"/>
                <Baseline points="441,2946 466,2948 492,2949 518,2949 544,2950 570,2952 596,2953 622,2955 648,2955 674,2956 700,2957 726,2958 752,2958 778,2958 804,2958 830,2958 856,2959 882,2961 908,2960 934,2958"/>
                <TextEquiv>
                    <Unicode>En tono de dos, en coro-</Unicode>
                </TextEquiv>
            </TextLine>
            <TextLine id="l_23" custom="readingOrder {index:7;}">
                <Coords points="428,3010 770,3007 811,3026 922,3025 921,2974 428,2972"/>
                <Baseline points="435,2991 460,2993 486,2994 512,2996 538,2997 563,2997 589,2997 615,2997 641,2997 667,2998 692,2999 718,3000 744,3000 770,3001 796,3003 821,3001 847,3001 873,3005 899,3004 925,3000"/>
                <TextEquiv>
                    <Unicode>cantemos a ese tesoro</Unicode>
                </TextEquiv>
            </TextLine>
            <TextLine id="l_24" custom="readingOrder {index:8;}">
                <Coords points="428,3048 835,3058 989,3084 985,3002 907,3030 770,3007 427,3010"/>
                <Baseline points="435,3036 462,3036 490,3037 518,3039 546,3039 574,3039 601,3041 629,3043 657,3045 685,3045 713,3045 740,3045 768,3046 796,3048 824,3050 852,3052 879,3054 907,3054 935,3054 963,3054 991,3054"/>
                <TextEquiv>
                    <Unicode>de incostrastable primera;</Unicode>
                </TextEquiv>
            </TextLine>
            <TextLine id="l_25" custom="readingOrder {index:9;}">
                <Coords points="430,3098 944,3113 943,3069 429,3051"/>
                <Baseline points="438,3084 463,3084 488,3084 514,3084 539,3084 565,3084 590,3085 615,3087 641,3087 666,3087 692,3089 717,3091 742,3092 768,3092 793,3090 819,3092 844,3093 869,3093 895,3093 920,3095 946,3095"/>
                <TextEquiv>
                    <Unicode>preferible a todo el oro</Unicode>
                </TextEquiv>
            </TextLine>
            <TextLine id="l_26" custom="readingOrder {index:10;}">
                <Coords points="430,3143 547,3178 611,3154 725,3172 784,3152 910,3163 925,3161 925,3128 873,3102 429,3099"/>
                <Baseline points="438,3128 463,3128 489,3128 515,3128 541,3129 566,3131 592,3131 618,3131 644,3133 670,3134 695,3134 721,3134 747,3134 773,3134 799,3134 824,3136 850,3138 876,3139 902,3139 928,3137"/>
                <TextEquiv>
                    <Unicode>de una rica dos tercera.</Unicode>
                </TextEquiv>
            </TextLine>
            <TextLine id="l_27" custom="readingOrder {index:11;}">
                <Coords points="632,3217 683,3234 738,3218 864,3247 947,3229 1030,3242 1026,3163 976,3152 916,3172 814,3156 733,3175 629,3156"/>
                <Baseline points="638,3200 664,3200 690,3200 716,3202 743,3203 769,3203 795,3204 821,3206 848,3206 874,3208 900,3211 926,3212 953,3212 979,3214 1005,3216 1032,3218"/>
                <TextEquiv>
                    <Unicode>UN SUSCRITOR.</Unicode>
                </TextEquiv>
            </TextLine>
            <TextLine id="l_28" custom="readingOrder {index:12;}">
                <Coords points="293,3293 533,3280 715,3334 870,3293 1013,3311 1011,3234 292,3217"/>
                <Baseline points="301,3266 336,3266 372,3268 408,3270 443,3272 479,3272 515,3272 550,3274 586,3275 622,3275 658,3278 693,3278 729,3278 765,3279 800,3281 836,3281 872,3283 907,3284 943,3284 979,3284 1015,3287"/>
                <TextEquiv>
                    <Unicode>La Romana Noviembre 15 de 1923</Unicode>
                </TextEquiv>
            </TextLine>
            <TextEquiv>
                <Unicode></Unicode>
            </TextEquiv>
        </TextRegion>
        <TextRegion id="r_3" custom="readingOrder {index:5;}">
            <Coords points="2316,325 2316,3320 1236,3320 1236,325"/>
            <TextLine id="l_52" custom="readingOrder {index:0;}">
                <Coords points="1293,422 1713,402 2209,439 2313,424 2311,351 1813,351 1598,308 1290,328"/>
                <Baseline points="1298,391 1348,391 1399,394 1450,394 1501,396 1552,397 1603,397 1654,400 1705,400 1756,402 1807,401 1857,403 1908,405 1959,406 2010,406 2061,409 2112,410 2163,412 2214,412 2265,412 2316,409"/>
                <TextEquiv>
                    <Unicode>Asociación Pan Americana</Unicode>
                </TextEquiv>
            </TextLine>
            <TextLine id="l_53" custom="readingOrder {index:1;}">
                <Coords points="1325,524 2072,521 2236,560 2279,532 2278,459 1322,425"/>
                <Baseline points="1331,489 1378,495 1426,498 1473,501 1521,500 1569,499 1616,502 1664,505 1711,506 1759,506 1807,507 1854,509 1902,510 1949,510 1997,513 2045,513 2092,513 2140,516 2187,516 2235,517 2283,519"/>
                <TextEquiv>
                    <Unicode>de Mujeres de Puerto Rico</Unicode>
                </TextEquiv>
            </TextLine>
            <TextLine id="l_54" custom="readingOrder {index:2;}">
                <Coords points="1397,706 2310,703 2265,648 1976,636 1904,665 1620,610 1395,612"/>
                <Baseline points="1403,680 1448,683 1494,686 1539,686 1585,686 1630,689 1676,689 1721,689 1767,692 1812,692 1858,695 1903,695 1949,696 1994,699 2040,701 2085,701 2131,702 2176,704 2222,703 2267,701 2313,704"/>
                <TextEquiv>
                    <Unicode>La Asociación Pan Americana de Mu-</Unicode>
                </TextEquiv>
            </TextLine>
            <TextLine id="l_55" custom="readingOrder {index:3;}">
                <Coords points="1294,752 2300,762 2299,711 1293,691"/>
                <Baseline points="1301,737 1351,737 1401,736 1451,735 1501,737 1551,737 1601,739 1651,740 1701,740 1751,743 1801,743 1851,747 1901,749 1951,749 2001,751 2051,752 2101,755 2151,755 2201,755 2251,755 2301,749"/>
                <TextEquiv>
                    <Unicode>jeres de Puerto Rico ha sido organizada des-</Unicode>
                </TextEquiv>
            </TextLine>
            <TextLine id="l_56" custom="readingOrder {index:4;}">
                <Coords points="1284,800 2304,821 2302,775 2234,762 1283,755"/>
                <Baseline points="1289,785 1339,785 1390,788 1441,788 1492,788 1543,790 1594,793 1645,794 1696,794 1747,795 1798,797 1848,798 1899,802 1950,803 2001,806 2052,809 2103,807 2154,809 2205,809 2256,809 2307,806"/>
                <TextEquiv>
                    <Unicode>de hace varios meses por la distinguida se-</Unicode>
                </TextEquiv>
            </TextLine>
            <TextLine id="l_57" custom="readingOrder {index:5;}">
                <Coords points="1284,855 2304,875 2302,819 2226,812 1283,805"/>
                <Baseline points="1289,838 1339,838 1390,839 1441,841 1492,843 1543,844 1594,844 1645,844 1696,847 1747,850 1798,851 1848,853 1899,853 1950,855 2001,856 2052,859 2103,862 2154,861 2205,860 2256,862 2307,865"/>
                <TextEquiv>
                    <Unicode>ñora Milagros Benet de Newton quien fué</Unicode>
                </TextEquiv>
            </TextLine>
            <TextLine id="l_58" custom="readingOrder {index:6;}">
                <Coords points="1288,902 2293,931 2292,883 2213,867 2149,892 1288,861"/>
                <Baseline points="1295,889 1345,892 1395,895 1445,896 1495,899 1545,899 1595,900 1645,901 1695,901 1745,904 1795,902 1845,907 1895,907 1945,909 1995,910 2045,912 2095,913 2145,916 2195,916 2245,918 2295,916"/>
                <TextEquiv>
                    <Unicode>electa el año pasado en Baltimore para fun-</Unicode>
                </TextEquiv>
            </TextLine>
            <TextLine id="l_59" custom="readingOrder {index:7;}">
                <Coords points="1276,948 2304,987 2302,930 1275,902"/>
                <Baseline points="1283,946 1334,949 1385,949 1436,949 1487,951 1539,952 1590,955 1641,955 1692,955 1743,956 1795,958 1846,958 1897,960 1948,964 1999,964 2051,964 2102,967 2153,968 2204,970 2255,970 2307,967"/>
                <TextEquiv>
                    <Unicode>darla y representarla en Puerto Rico. El si-</Unicode>
                </TextEquiv>
            </TextLine>
            <TextLine id="l_60" custom="readingOrder {index:8;}">
                <Coords points="1283,1026 2267,1047 2310,1043 2309,992 1281,970"/>
                <Baseline points="1289,1006 1340,1003 1391,1000 1442,1001 1493,1003 1545,1005 1596,1006 1647,1009 1698,1009 1749,1010 1801,1012 1852,1014 1903,1015 1954,1018 2005,1021 2057,1021 2108,1021 2159,1022 2210,1024 2261,1026 2313,1027"/>
                <TextEquiv>
                    <Unicode>guiente comité ha sido electo en una de las</Unicode>
                </TextEquiv>
            </TextLine>
            <TextLine id="l_61" custom="readingOrder {index:9;}">
                <Coords points="1280,1099 1536,1067 2218,1116 2227,1042 1277,1024"/>
                <Baseline points="1286,1053 1333,1053 1380,1053 1427,1053 1474,1057 1522,1059 1569,1060 1616,1062 1663,1062 1710,1062 1758,1064 1805,1067 1852,1066 1899,1067 1946,1070 1994,1069 2041,1073 2088,1074 2135,1077 2182,1077 2230,1080"/>
                <TextEquiv>
                    <Unicode>reuniónes de la Asociación en San Juan.</Unicode>
                </TextEquiv>
            </TextLine>
            <TextLine id="l_62" custom="readingOrder {index:10;}">
                <Coords points="1279,1163 2265,1192 2263,1130 2132,1104 1527,1128 1418,1101 1382,1128 1277,1099"/>
                <Baseline points="1286,1149 1335,1149 1384,1152 1433,1153 1482,1156 1531,1157 1580,1157 1629,1160 1678,1161 1727,1164 1776,1164 1825,1167 1874,1167 1923,1168 1972,1170 2021,1171 2070,1172 2119,1172 2168,1173 2217,1175 2266,1176"/>
                <TextEquiv>
                    <Unicode>Pdta Honoraria Madame Louise Luchetti.</Unicode>
                </TextEquiv>
            </TextLine>
            <TextLine id="l_29" custom="readingOrder {index:11;}">
                <Coords points="1277,1163 1317,1160 1406,1161 2147,1181 2274,1198 2276,1243 1354,1231 1279,1216"/>
                <Baseline points="1286,1203 1313,1203 1341,1204 1368,1205 1396,1206 1423,1206 1451,1208 1478,1210 1506,1212 1534,1212 1665,1212 1695,1214 1726,1215 1756,1215 1787,1217 1818,1219 1848,1221 1879,1221 1909,1221 1940,1221 1971,1223 2001,1224 2032,1224 2062,1224 2093,1226 2124,1228 2154,1230 2185,1230 2215,1231 2246,1233 2277,1230"/>
                <TextEquiv>
                    <Unicode>Presidenta. Milagros Benet de Newon.</Unicode>
                </TextEquiv>
            </TextLine>
            <TextLine id="l_65" custom="readingOrder {index:12;}">
                <Coords points="1283,1271 2299,1317 2296,1247 2249,1238 1281,1220"/>
                <Baseline points="1289,1250 1339,1256 1390,1259 1440,1260 1491,1264 1542,1265 1592,1267 1643,1268 1693,1268 1744,1271 1795,1271 1845,1272 1896,1274 1946,1276 1997,1277 2048,1277 2098,1280 2149,1281 2199,1283 2250,1284 2301,1283"/>
                <TextEquiv>
                    <Unicode>Vice Presidenta Dra. J. Villafañe de Martinez,</Unicode>
                </TextEquiv>
            </TextLine>
            <TextLine id="l_30" custom="readingOrder {index:13;}">
                <Coords points="1276,1268 1317,1266 1484,1270 2106,1286 2131,1295 2132,1343 2028,1354 1924,1353 1503,1340 1435,1334 1277,1320"/>
                <Baseline points="1283,1313 1308,1311 1334,1310 1360,1312 1386,1314 1411,1316 1437,1315 1463,1313 1489,1315 1514,1316 1540,1316 1566,1317 1592,1319 1618,1316 1662,1319 1688,1321 1714,1322 1740,1324 1766,1326 1793,1328 1819,1328 1845,1328 1871,1328 1898,1328 1924,1328 1950,1329 1976,1331 2002,1331 2029,1331 2055,1331 2081,1332 2107,1334 2134,1331"/>
                <TextEquiv>
                    <Unicode>Sec. de Inglés. Mr. G. López Díaz.</Unicode>
                </TextEquiv>
            </TextLine>
            <TextLine id="l_68" custom="readingOrder {index:14;}">
                <Coords points="1284,1379 2128,1408 2128,1359 1283,1322"/>
                <Baseline points="1290,1362 1332,1366 1374,1367 1416,1369 1458,1370 1500,1372 1542,1373 1584,1373 1626,1373 1668,1374 1710,1376 1752,1377 1794,1379 1836,1379 1878,1379 1920,1382 1962,1382 2004,1382 2046,1382 2088,1384 2131,1388"/>
                <TextEquiv>
                    <Unicode>Sec. de Español Providencia Morillo.</Unicode>
                </TextEquiv>
            </TextLine>
            <TextLine id="l_31" custom="readingOrder {index:15;}">
                <Coords points="1275,1379 1312,1374 1640,1380 1835,1385 1944,1391 2118,1404 2132,1449 1919,1458 1365,1443 1276,1435"/>
                <Baseline points="1283,1418 1309,1418 1335,1418 1361,1418 1387,1419 1413,1421 1439,1421 1465,1421 1492,1424 1648,1427 1673,1427 1699,1427 1724,1429 1750,1431 1775,1433 1801,1433 1827,1433 1852,1431 1878,1430 1903,1432 1929,1434 1954,1436 1980,1437 2006,1439 2031,1439 2057,1439 2082,1439 2108,1439 2134,1439"/>
                <TextEquiv>
                    <Unicode>Terorera. Elena Oppenheimer.</Unicode>
                </TextEquiv>
            </TextLine>
            <TextLine id="l_32" custom="readingOrder {index:16;}">
                <Coords points="1274,1432 1645,1436 2103,1448 2228,1467 2229,1507 1721,1511 1558,1504 1275,1481"/>
                <Baseline points="1280,1471 1305,1473 1330,1474 1355,1474 1380,1474 1405,1474 1430,1474 1455,1474 1480,1475 1505,1477 1530,1479 1555,1480 1580,1480 1606,1480 1653,1480 1681,1480 1710,1481 1739,1483 1768,1483 1797,1484 1826,1486 1854,1486 1883,1486 1912,1488 1941,1490 1970,1492 1999,1490 2028,1490 2056,1492 2085,1492 2114,1493 2143,1495 2172,1495 2201,1495 2230,1495"/>
                <TextEquiv>
                    <Unicode>Sub-Tesorera. Carmen B. de Córdova.</Unicode>
                </TextEquiv>
            </TextLine>
            <TextLine id="l_33" custom="readingOrder {index:17;}">
                <Coords points="1271,1484 1289,1481 1388,1481 1641,1486 1953,1496 2278,1513 2279,1566 2206,1590 1395,1559 1288,1553 1274,1550"/>
                <Baseline points="1280,1525 1306,1525 1332,1525 1358,1527 1384,1528 1410,1528 1436,1531 1462,1534 1650,1534 1681,1534 1713,1535 1744,1537 1776,1539 1808,1540 1839,1540 1871,1540 1903,1540 1934,1541 1966,1543 1998,1543 2029,1544 2061,1546 2093,1546 2124,1548 2156,1549 2188,1549 2219,1551 2251,1552 2283,1555"/>
                <TextEquiv>
                    <Unicode>Vocales Sra. María de M. Morales.</Unicode>
                </TextEquiv>
            </TextLine>
            <TextLine id="l_75" custom="readingOrder {index:18;}">
                <Coords points="1637,1593 1846,1621 1896,1604 1922,1620 2115,1617 2145,1634 2155,1567 1812,1546 1730,1572 1636,1535"/>
                <Baseline points="1645,1585 1670,1587 1696,1589 1721,1592 1747,1593 1773,1591 1798,1592 1824,1594 1850,1594 1875,1594 1901,1596 1927,1597 1952,1597 1978,1598 2004,1600 2029,1600 2055,1600 2081,1600 2106,1600 2132,1600 2158,1600"/>
                <TextEquiv>
                    <Unicode>Sra, de Juan B. Soto.</Unicode>
                </TextEquiv>
            </TextLine>
            <TextLine id="l_76" custom="readingOrder {index:19;}">
                <Coords points="1636,1658 1833,1655 1874,1672 1919,1660 1918,1602 1868,1605 1846,1621 1789,1602 1702,1612 1650,1594 1635,1599"/>
                <Baseline points="1642,1642 1667,1642 1692,1642 1718,1644 1743,1645 1769,1645 1794,1645 1820,1645 1845,1645 1871,1645 1896,1647 1922,1648"/>
                <TextEquiv>
                    <Unicode>Sra. Sterrif.</Unicode>
                </TextEquiv>
            </TextLine>
            <TextLine id="l_77" custom="readingOrder {index:20;}">
                <Coords points="1636,1705 1800,1709 1823,1731 1851,1713 2004,1728 2074,1714 2140,1735 2170,1726 2169,1657 2101,1639 1949,1645 1872,1675 1801,1655 1725,1672 1634,1660"/>
                <Baseline points="1642,1695 1668,1693 1695,1693 1721,1694 1748,1696 1774,1698 1801,1700 1827,1701 1854,1701 1880,1701 1907,1701 1934,1703 1960,1704 1987,1704 2013,1705 2040,1707 2066,1707 2093,1707 2119,1709 2146,1710 2173,1710"/>
                <TextEquiv>
                    <Unicode>Srta. Amelia Agostini.</Unicode>
                </TextEquiv>
            </TextLine>
            <TextLine id="l_78" custom="readingOrder {index:21;}">
                <Coords points="1639,1759 2158,1777 2188,1768 2187,1734 2041,1713 2004,1735 1903,1710 1823,1731 1800,1709 1637,1705"/>
                <Baseline points="1645,1737 1672,1743 1699,1747 1726,1751 1754,1752 1781,1752 1808,1752 1836,1753 1863,1755 1890,1755 1918,1755 1945,1757 1972,1757 1999,1755 2027,1755 2054,1755 2081,1757 2109,1759 2136,1761 2163,1763 2191,1764"/>
                <TextEquiv>
                    <Unicode>Sra. G. de Lugo Viña.</Unicode>
                </TextEquiv>
            </TextLine>
            <TextLine id="l_79" custom="readingOrder {index:22;}">
                <Coords points="1637,1813 2199,1830 2232,1851 2284,1831 2270,1745 2115,1780 1636,1759"/>
                <Baseline points="1645,1800 1677,1800 1709,1801 1741,1803 1773,1806 1805,1806 1837,1806 1869,1806 1901,1808 1933,1809 1965,1809 1997,1812 2029,1810 2061,1809 2093,1809 2125,1813 2157,1815 2189,1815 2221,1818 2253,1820 2286,1821"/>
                <TextEquiv>
                    <Unicode>SraDolores C de Echavarría.</Unicode>
                </TextEquiv>
            </TextLine>
            <TextLine id="l_80" custom="readingOrder {index:23;}">
                <Coords points="1641,1867 2012,1876 2010,1830 1963,1818 1858,1818 1835,1831 1769,1817 1737,1832 1686,1813 1639,1816"/>
                <Baseline points="1647,1845 1673,1852 1699,1857 1725,1859 1752,1859 1778,1859 1804,1859 1831,1859 1857,1861 1883,1862 1909,1862 1936,1862 1962,1862 1988,1864 2015,1865"/>
                <TextEquiv>
                    <Unicode>Sra. R. Alonso.</Unicode>
                </TextEquiv>
            </TextLine>
            <TextLine id="l_81" custom="readingOrder {index:24;}">
                <Coords points="1630,1917 1972,1944 2145,1931 2229,1953 2278,1939 2276,1868 2149,1831 2040,1889 1628,1874"/>
                <Baseline points="1636,1904 1668,1906 1700,1908 1732,1910 1764,1913 1797,1913 1829,1913 1861,1913 1893,1915 1925,1916 1958,1917 1990,1919 2022,1919 2054,1919 2086,1919 2119,1921 2151,1922 2183,1923 2215,1925 2247,1927 2280,1931"/>
                <TextEquiv>
                    <Unicode>Sra. Conchita Pla de Alfaro.</Unicode>
                </TextEquiv>
            </TextLine>
            <TextLine id="l_82" custom="readingOrder {index:25;}">
                <Coords points="1632,1978 2170,1987 2169,1935 2146,1931 2083,1945 2004,1928 1972,1945 1790,1923 1755,1949 1704,1919 1631,1913"/>
                <Baseline points="1639,1961 1665,1961 1692,1962 1719,1966 1745,1966 1772,1964 1799,1966 1825,1967 1852,1969 1879,1970 1906,1970 1932,1972 1959,1973 1986,1971 2012,1970 2039,1970 2066,1972 2092,1973 2119,1975 2146,1977 2173,1979"/>
                <TextEquiv>
                    <Unicode>Srta. Josefina Iglesias.</Unicode>
                </TextEquiv>
            </TextLine>
            <TextLine id="l_83" custom="readingOrder {index:26;}">
                <Coords points="1632,2026 2172,2049 2169,1982 2033,2003 1988,1983 1631,1980"/>
                <Baseline points="1639,2015 1665,2015 1692,2016 1719,2020 1745,2022 1772,2024 1799,2022 1825,2021 1852,2023 1879,2024 1906,2024 1932,2024 1959,2024 1986,2024 2012,2025 2039,2027 2066,2027 2092,2027 2119,2029 2146,2030 2173,2030"/>
                <TextEquiv>
                    <Unicode>Srta. Julia Reyes Ruiz.</Unicode>
                </TextEquiv>
            </TextLine>
            <TextLine id="l_84" custom="readingOrder {index:27;}">
                <Coords points="1626,2078 1735,2104 1787,2082 2110,2097 2109,2058 2032,2033 1767,2047 1625,2024"/>
                <Baseline points="1633,2068 1658,2070 1683,2071 1708,2071 1734,2072 1759,2073 1784,2074 1809,2074 1835,2074 1860,2074 1885,2076 1910,2077 1936,2077 1961,2077 1986,2077 2011,2078 2037,2080 2062,2080 2087,2081 2113,2083"/>
                <TextEquiv>
                    <Unicode>Amparo Fernández.</Unicode>
                </TextEquiv>
            </TextLine>
            <TextLine id="l_85" custom="readingOrder {index:28;}">
                <Coords points="1623,2150 1727,2163 1858,2138 1930,2163 2062,2146 2156,2167 2154,2103 2114,2096 1809,2082 1735,2105 1622,2079"/>
                <Baseline points="1630,2119 1656,2123 1682,2125 1709,2125 1735,2126 1762,2128 1788,2128 1814,2128 1841,2128 1867,2128 1894,2128 1920,2129 1946,2131 1973,2133 1999,2134 2026,2134 2052,2135 2078,2137 2105,2139 2131,2139 2158,2137"/>
                <TextEquiv>
                    <Unicode>Srta. Grace Hepbrun.</Unicode>
                </TextEquiv>
            </TextLine>
            <TextLine id="l_86" custom="readingOrder {index:29;}">
                <Coords points="1491,2240 1926,2277 2045,2254 2044,2200 1867,2173 1803,2196 1713,2154 1489,2163"/>
                <Baseline points="1498,2224 1525,2226 1553,2228 1580,2229 1608,2230 1635,2230 1663,2232 1690,2233 1718,2233 1745,2235 1773,2236 1800,2236 1828,2237 1855,2239 1883,2239 1910,2239 1938,2239 1965,2240 1993,2242 2020,2242 2048,2242"/>
                <TextEquiv>
                    <Unicode>COMITE DE PUBLICIDAD</Unicode>
                </TextEquiv>
            </TextLine>
            <TextLine id="l_34" custom="readingOrder {index:30;}">
                <Coords points="1249,2243 1272,2241 1872,2268 2232,2287 2234,2373 1367,2350 1253,2336"/>
                <Baseline points="1259,2322 1284,2325 1309,2328 1335,2330 1360,2331 1386,2331 1411,2331 1436,2331 1462,2331 1487,2331 1513,2334 1633,2331 1663,2335 1693,2338 1723,2340 1753,2340 1783,2340 1813,2340 1844,2342 1874,2343 1904,2343 1934,2345 1964,2347 1994,2349 2024,2349 2055,2349 2085,2349 2115,2351 2145,2352 2175,2352 2205,2352 2236,2355"/>
                <TextEquiv>
                    <Unicode>Presidenta: Srta. Providencia Morillo.</Unicode>
                </TextEquiv>
            </TextLine>
            <TextLine id="l_35" custom="readingOrder {index:31;}">
                <Coords points="1239,2329 2150,2360 2151,2415 2120,2423 1384,2429 1240,2413"/>
                <Baseline points="1247,2382 1272,2382 1297,2382 1323,2382 1348,2383 1374,2384 1399,2385 1424,2385 1450,2385 1475,2385 1501,2388 1627,2385 1653,2387 1679,2389 1706,2393 1732,2394 1759,2394 1785,2396 1811,2397 1838,2397 1864,2397 1891,2397 1917,2398 1943,2400 1970,2402 1996,2403 2023,2403 2049,2403 2075,2403 2102,2403 2128,2404 2155,2406"/>
                <TextEquiv>
                    <Unicode>Miembros Srta. Amelia Agostini.</Unicode>
                </TextEquiv>
            </TextLine>
            <TextLine id="l_91" custom="readingOrder {index:32;}">
                <Coords points="1620,2509 1717,2480 1831,2502 1919,2482 1953,2500 1996,2479 2090,2497 2156,2483 2154,2434 2073,2411 1941,2429 1900,2405 1775,2402 1736,2424 1703,2404 1617,2405"/>
                <Baseline points="1624,2442 1650,2444 1677,2446 1704,2447 1730,2448 1757,2448 1784,2450 1810,2451 1837,2451 1864,2452 1891,2454 1917,2456 1944,2457 1971,2455 1997,2455 2024,2457 2051,2457 2077,2457 2104,2459 2131,2460 2158,2460"/>
                <TextEquiv>
                    <Unicode>Srta. Josefina lglesias.</Unicode>
                </TextEquiv>
            </TextLine>
            <TextLine id="l_92" custom="readingOrder {index:33;}">
                <Coords points="1450,2579 1596,2602 1677,2575 1813,2616 1905,2574 1953,2589 2042,2568 2024,2500 1937,2524 1798,2489 1678,2482 1614,2511 1538,2474 1447,2479"/>
                <Baseline points="1456,2543 1485,2545 1514,2547 1544,2549 1573,2549 1603,2549 1632,2549 1662,2551 1691,2553 1721,2555 1750,2557 1779,2558 1809,2558 1838,2558 1868,2559 1897,2561 1927,2561 1956,2561 1986,2563 2015,2564 2045,2567"/>
                <TextEquiv>
                    <Unicode>COMITE DE PROPAGANDA</Unicode>
                </TextEquiv>
            </TextLine>
            <TextLine id="l_36" custom="readingOrder {index:34;}">
                <Coords points="1238,2591 1348,2570 2088,2595 2268,2605 2270,2696 2251,2702 1503,2674 1321,2666 1240,2650"/>
                <Baseline points="1247,2645 1272,2647 1298,2648 1324,2650 1349,2651 1375,2651 1401,2651 1426,2651 1452,2653 1478,2655 1504,2657 1627,2645 1659,2654 1691,2659 1724,2661 1756,2663 1788,2663 1821,2663 1853,2663 1885,2666 1918,2666 1950,2666 1982,2666 2015,2668 2047,2670 2079,2672 2112,2672 2144,2674 2176,2675 2209,2675 2241,2675 2274,2675"/>
                <TextEquiv>
                    <Unicode>Presidenta: Sra. Dolores de Echavarría:</Unicode>
                </TextEquiv>
            </TextLine>
            <TextLine id="l_37" custom="readingOrder {index:35;}">
                <Coords points="1239,2664 1288,2653 2070,2678 2170,2696 2172,2742 1956,2746 1440,2739 1299,2737 1240,2711"/>
                <Baseline points="1247,2698 1274,2698 1302,2699 1329,2703 1357,2704 1384,2704 1412,2704 1439,2704 1467,2704 1495,2707 1633,2704 1660,2708 1687,2711 1714,2715 1741,2716 1768,2716 1795,2716 1822,2717 1849,2718 1876,2719 1903,2719 1930,2717 1957,2717 1984,2719 2011,2720 2038,2722 2065,2722 2092,2723 2119,2725 2146,2726 2173,2728"/>
                <TextEquiv>
                    <Unicode>Miembros Srta. Julia Reyes Ruiz.</Unicode>
                </TextEquiv>
            </TextLine>
            <TextLine id="l_97" custom="readingOrder {index:36;}">
                <Coords points="1612,2796 1691,2775 1714,2793 2019,2789 2190,2819 2187,2746 2124,2732 1611,2732"/>
                <Baseline points="1618,2764 1646,2764 1675,2765 1703,2767 1732,2769 1761,2770 1789,2770 1818,2771 1847,2773 1875,2773 1904,2773 1933,2773 1961,2775 1990,2776 2019,2776 2047,2776 2076,2777 2105,2779 2133,2781 2162,2782 2191,2782"/>
                <TextEquiv>
                    <Unicode>Srta. Caridad González.</Unicode>
                </TextEquiv>
            </TextLine>
            <TextLine id="l_98" custom="readingOrder {index:37;}">
                <Coords points="1475,2892 1567,2885 1664,2911 1695,2888 1762,2910 1948,2887 2035,2914 2032,2843 1931,2841 1818,2789 1591,2833 1525,2808 1473,2833"/>
                <Baseline points="1480,2866 1507,2868 1535,2869 1563,2869 1591,2870 1619,2872 1646,2872 1674,2873 1702,2875 1730,2875 1758,2876 1785,2877 1813,2878 1841,2878 1869,2880 1897,2881 1924,2881 1952,2881 1980,2881 2008,2883 2036,2887"/>
                <TextEquiv>
                    <Unicode>COMITE DE EDUCACIÓN.</Unicode>
                </TextEquiv>
            </TextLine>
            <TextLine id="l_38" custom="readingOrder {index:38;}">
                <Coords points="1227,2923 1285,2915 1607,2901 2006,2903 2141,2924 2255,2951 2256,3002 2211,3015 1498,2998 1366,2992 1229,2976"/>
                <Baseline points="1236,2964 1262,2966 1288,2968 1314,2969 1340,2970 1367,2970 1393,2970 1419,2970 1445,2972 1471,2973 1498,2973 1615,2973 1647,2975 1679,2977 1711,2979 1744,2979 1776,2981 1808,2983 1840,2985 1873,2985 1905,2986 1937,2988 1969,2988 2002,2990 2034,2991 2066,2991 2098,2991 2131,2991 2163,2991 2195,2991 2227,2991 2260,2991"/>
                <TextEquiv>
                    <Unicode>Presidenta. Srta. Conchita Pla de Alfaro.</Unicode>
                </TextEquiv>
            </TextLine>
            <TextLine id="l_39" custom="readingOrder {index:39;}">
                <Coords points="1236,2983 1294,2976 1326,2975 2147,3002 2149,3079 1892,3076 1238,3054"/>
                <Baseline points="1244,3018 1270,3020 1297,3021 1323,3021 1350,3022 1376,3024 1403,3024 1429,3024 1456,3026 1483,3024 1618,3030 1644,3032 1671,3034 1697,3035 1724,3036 1750,3036 1777,3038 1803,3039 1830,3039 1856,3039 1883,3039 1910,3041 1936,3042 1963,3042 1989,3042 2016,3042 2042,3043 2069,3045 2095,3045 2122,3044 2149,3042"/>
                <TextEquiv>
                    <Unicode>Miembros. Sra. O, de Bartolomey.</Unicode>
                </TextEquiv>
            </TextLine>
            <TextLine id="l_103" custom="readingOrder {index:40;}">
                <Coords points="1393,3140 1502,3174 1559,3154 1796,3178 1840,3149 2095,3189 2094,3104 1757,3084 1636,3110 1448,3058 1391,3069"/>
                <Baseline points="1400,3131 1434,3131 1469,3133 1504,3134 1539,3134 1574,3137 1609,3139 1644,3139 1679,3138 1714,3140 1749,3142 1783,3143 1818,3143 1853,3143 1888,3146 1923,3146 1958,3146 1993,3147 2028,3149 2063,3149 2098,3149"/>
                <TextEquiv>
                    <Unicode>COMITE DE BIENESTAR SOCIAL</Unicode>
                </TextEquiv>
            </TextLine>
            <TextLine id="l_40" custom="readingOrder {index:41;}">
                <Coords points="1230,3183 1439,3156 1914,3198 1915,3260 1885,3274 1330,3260 1233,3244"/>
                <Baseline points="1238,3233 1263,3233 1288,3233 1314,3233 1339,3234 1365,3235 1390,3236 1415,3236 1441,3238 1466,3239 1492,3242 1621,3242 1648,3244 1675,3246 1702,3247 1729,3249 1756,3251 1783,3249 1810,3249 1837,3250 1864,3251 1891,3251 1919,3254"/>
                <TextEquiv>
                    <Unicode>Presidenta. María Fraile!</Unicode>
                </TextEquiv>
            </TextLine>
            <TextLine id="l_41" custom="readingOrder {index:42;}">
                <Coords points="1226,3242 1272,3240 1986,3248 2055,3260 2056,3318 1990,3345 1762,3345 1456,3336 1229,3317"/>
                <Baseline points="1236,3287 1263,3289 1290,3290 1318,3290 1345,3291 1373,3293 1400,3293 1428,3294 1455,3296 1483,3296 1615,3296 1641,3298 1667,3299 1693,3301 1719,3302 1745,3304 1772,3304 1798,3304 1824,3304 1850,3304 1876,3304 1902,3304 1929,3304 1955,3304 1981,3305 2007,3306 2033,3307 2060,3307"/>
                <TextEquiv>
                    <Unicode>Miembros Paula R. de Nieto.</Unicode>
                </TextEquiv>
            </TextLine>
            <TextEquiv>
                <Unicode></Unicode>
            </TextEquiv>
        </TextRegion>
    </Page>
</PcGts>
