2479 3508
250 231 522 316 Fémina
2015 194 2257 297 Página 10
481 314 2139 525 Por el Mundo Social
236 677 1221 712 Alegrias de hogar—Los esposos Dr. Lico Mallén Y. y
215 704 1235 770 Lelé G. de Mallén, están de plácemes con el na¬
217 750 1227 822 cimiento de su primogénito que llevará por nom-
221 795 663 861 bre Manuel Eugenio.
266 807 1231 896 Tambien la Sra. Orfelina de Durán ha obse-
215 880 1235 942 quiado a su esposo el Ledo. Pedro Durán M.,
221 927 1231 987 con una hermosa niña, primera en el sexo y se-
221 971 1231 1037 gundo en la prole, que se llamará Altagracia Au-
223 1020 349 1082 relia.
273 1028 1235 1127 Felicitamos a los dichosos padres, y que sea
221 1101 1107 1167 larga y feliz la vida de los frutos de amor.
223 1161 1225 1239 Esponsales —Dos estimados elementos de la socie
219 1212 1241 1272 dad capitolina, se han hecho mutua promess de
223 1260 1225 1322 amor: El joven Arturo Alardo Lluberes y la inte-
223 1309 1111 1371 ligénte profesora Sta. Teodomira Garcia.
275 1324 1245 1427 Que pronto vean realizados sus sueños del
221 1373 359 1466 amor.
227 1446 1241 1516 Notas de duelo—En la Capital acaba de bajar a la
229 1501 1239 1563 tumba la muy apreciada amiga nuestra, Sta. Li-
227 1555 1239 1609 lia Lugo, inteligente y simpática muestra que e-
233 1602 1243 1669 jerció el magisterio durante algun tiempo entre
227 1650 432 1714 nosotros.
277 1662 1142 1761 Que el Señor la acoja en su santo regazo.
227 1749 1247 1809 Presentamos—nuestra condolencia a nuestro estima-
227 1803 1247 1856 do amigo y colaborador Ledo. Baldemaro Rijo,
240 1840 1245 1904 juez de la Instancia de este Distrito Judicial,
227 1881 1251 1958 con motivo del fallecimiento de su Sra, madre
233 1927 1247 1997 Maria Cepeda, ocurrido recietemente en Higuey.
277 1978 1245 2026 Paz para su alma y nuestro pésame a sus afli-
240 2022 529 2096 gidos deudos.
405 2073 971 2170 Usando el "Tinte Orienta!”
411 2150 890 2203 las canas desaparecen
409 2193 915 2253 y las personas al punto
409 2245 913 2298 notan que rejuvenecen
411 2282 828 2354 Es el tinte sin rival.
277 2338 1245 2422 Feliz regreso—Despues de algunos días de ausen-
240 2414 1241 2468 cia, han regresado de La Romana nuestra Di-
240 2457 1241 2509 rectora Sta. Gómez y Su co- Administradora Sta
248 2503 1251 2554 Ramonita Carbuccia, quienes realizaron sus dili¬
242 2548 1233 2600 gencias periodísticas satisfactoriamente, y ha
244 2585 1243 2639 cen público su agradecimiento a los romanenses
250 2631 1249 2693 por la buena acogida que le dispensaron amable-
248 2674 401 2751 mente.
283 2720 1266 2808 Bodas —El día l0 de este mes celebraron sus bo-
244 2792 1253 2860 das en esta ciudad los apreciados jóvenes Sta.
248 2837 1198 2893 Ana Antonia Vinter y J. E Lebrón Sánchez
285 2881 1241 2951 La ceremonia, a la que concurrieron distingui
250 2920 956 2980 das personas! resutó muy lucida.
295 2949 1258 3040 Deseamos felicidad eterna a los reciencasados.
287 3023 1258 3098 Sra. de frappier—La distinguida Sra. Luisa M.
250 3073 1253 3133 Frappier sufrió en la Capital una delicada opera.
254 3128 1070 3190 ción de la cual salió en completo éxito.
295 3172 933 3228 Lo que celebramos vivamente.
295 3217 1264 3312 Las cosas dél Ayuntamiento—Ha sido objeto de desfa-
1301 662 2289 701 borables comentarios por la prensa y público
1284 692 2305 758 sensato, el proyecto de nuestro Ayuntamiento
1280 743 2296 791 de comprar un automovil de seis cilindros para
1284 785 2305 847 uso de La Presidencia, mientras los empleados de
1278 826 2298 904 su dependencia se mueren de hambre por que
1284 876 1858 943 no se les paga sus sueldos.
1320 888 2305 987 Misericordia, Señor Que cosas los de este A-
1278 968 1567 1039 yuntamiento!
1328 1018 2292 1084 Cesar lglesias—Novios que pensais contraer ma-
1280 1070 2296 1138 trimonio, visitad el taller de carpinteria del Sr.
1280 1119 2296 1177 Cesar Iglesias, en la calle lo de Setiembre es-
1284 1161 2302 1222 quina calle lá y allí encontrareis infinidad del
1280 1208 2305 1286 muebles de lujo, en maderas de Caoba, Cedro
1278 1260 1611 1320 Capá y Ciprés.
1326 1276 2305 1353 Tambien se hacen al gusto, según el modelo
1280 1332 1949 1417 que usted escoja en el catálogo.
1317 1363 2195 1456 En todos estilos y a pracios de situación.
1460 1441 2053 1522 En el popular Café "Apolo”.
1450 1518 1970 1574 halarás sabroso helado,
1460 1565 2007 1629 refrescos, vinos y dulces,
1450 1607 1949 1685 y el rico lechón asado.
1326 1664 2305 1741 NiasDurán Amiama—Alegra y engalana las páginas.
1293 1735 2292 1797 de nuestra revista el grabado de las niñas Du-
1293 1780 2305 1832 rán Amiama, preciados vástagos de los esposos
1293 1823 2298 1877 Dn. Juan Salvador Durán, cronista galante del
1293 1873 2309 1935 Listin Diario, y Dña. Belén A de Durán, miem-
1291 1906 2203 1972 bros distinguidos de la sociedad capitaleña.
1328 1951 2309 2020 Son ellas dos lozanos botonos de rosas, que
1293 1989 2305 2051 crecen al calor de la virtud y del talento. Pre-
1295 2046 2305 2119 sentamos a las graciosa niñitas nuestro homena-
1293 2092 1605 2162 je de simpatía.
1338 2148 2309 2212 Subsanando—En el Editorial de la pasada edición,
1291 2205 2325 2265 perteneciente a nuestra redactora Montalvo de
1293 2249 2315 2300 Frias, en donde dice nuestras actitudes, debe
1293 2294 2317 2354 leerse nuestras aptitudes. Queda subsanado el
1289 2350 1427 2400 error.
1334 2360 2319 2433 Señores: Don Meliton Almaral ha hecho el
1293 2422 2302 2480 gran pedido de surtidos de dulces, y licores y
1295 2472 2315 2532 provisiones de todas elases. No olvideis que a
1295 2509 2309 2573 ilí se puede comprar el surtido completo, de No-
1301 2561 1540 2616 che Buena.
1346 2569 2305 2654 Visitad pues, "LA ESQUINA! Calles Duver-
1291 2645 1949 2724 gé No; 10 y José Reyes No. 1O.
1340 2703 2315 2775 Enlace nupcía!—En la Capital, acaban de ratificar
1295 2763 2317 2829 sus promesas de amor, ante Dios y la Ley, estal
1295 2806 2311 2862 distinguida pareja: caballero C. H. Furet, entu-
1295 2841 2317 2903 siasta amigo de Fémina, y la Siita. Panchita del
1301 2889 1507 2961 la Rocha.
1340 2928 2319 3007 Fémina deposita una primavera de rosas a los
1301 2986 1856 3056 pies de los reciencasados..
1479 3048 1974 3131 Si te consume la fiebre.
1479 3110 1916 3168 y deseas qua receta
1474 3139 2022 3203 tomarás “ESANOFELE"
1474 3192 2092 3271 que vende Amadeo Barletta.
1474 3242 1937 3312 cura rápida i segura,
