2479 3508
185 1883 1044 1945 A tá, Señor, que llamaste
259 1964 710 2023 a mi piecia.
232 2083 1197 2142 Oh tú, Señor, que llamaste á mi puerta
242 2141 865 2199 yo dormía, dónde estás....
241 2221 1203 2276 Qué nube te ha llevado mi mensaje más
188 2277 1197 2327 precioso, qué sonrisa del mar te ha habla¬
179 2325 1203 2384 do de mí, qué hermosa canción nueva has
185 2376 468 2432 encontrado?
226 2456 1182 2521 Despacio voy por tu senda silenciosa y
185 2510 1197 2575 sorprendida me veo en tus claras fuentes,
185 2564 809 2626 atesorando tus tesoros.
235 2647 1203 2703 En la vaguedad de mi alegría, los ojos
173 2698 1197 2754 del cielo, llenos de majestad y complacen¬
179 2755 1137 2817 cia te buscan en mi estancia serena....
229 226 429 282 Página 3
188 343 991 402 Abriste todas tes sendas.
247 462 1209 518 Abriste todas tus sendas y la luz me
188 510 400 572 cegó
244 593 1197 652 Yo iba sola por un camino vacío; cansa¬
188 647 1197 706 da me eché a dormir. La hierba húmeda
194 698 1203 757 abría sus brazos y estrechándome olvidé
185 755 710 814 todo pensamiento....
244 826 1212 891 Y he aquí que al despertar mi cuerpo
185 877 1206 942 estaba cubierto de regalos preciosos, como
185 940 1200 999 si un naranjo hubiera sacudido sus ramas
194 990 1203 1049 florecidas. Llena de alegría aspiré len¬
185 1044 1191 1103 tamente, cada nuevo encuentro, detenien¬
182 1095 1200 1157 do en mi corazón la hermosura de tus do¬
185 1152 367 1208 nes.
241 1232 1200 1291 El horizonte, abriendo sus alas cubría
182 1280 1206 1342 el sol y poco á poco, tejían los árboles sus
182 1337 1197 1396 sueños, como los ojos sabios de las estrellas
185 1391 785 1452 los senderos del cielo
238 1468 1206 1527 En aquella malla de sombra y luz posé
191 1525 1203 1578 la tranquila dulzura de mis deseos, y le¬
188 1570 1200 1635 anté mis brazos á tí, y en un solo canto
185 1629 689 1688 el corazón se me fué.
244 2948 411 3008 N
1958 241 2218 291 Femina
1247 346 2152 411 Soclava: compe tus cadenas.
1301 468 2260 524 Esclava: rompe tus cadenas y húndelas
1241 519 2269 578 en el polvo para siempre, que más dulce es
1250 573 1821 628 la libertad del cielo
1298 626 2254 682 Deshizo la Naturaleza sus ligaduras pa¬
1244 677 2260 739 ra que nacieras tú, y ahora te atas, volun¬
1250 734 2176 790 tariamente, como para la eternidad....
1301 784 2263 843 Ha sido extraviada tu razón en tu misma
1241 835 2251 894 ternura? Dí, hermosa, qué has estado pen¬
1241 892 1728 942 sando tanto tiempo?
1304 943 2257 1002 Caen las hojas de los árboles, extinta la
1250 996 2254 1052 savía, para perderse. Se apaga el sol
1244 1044 2254 1106 en el ocaso, y caen sombras en el corazón
1241 1101 1597 1157 del mundo.
1304 1158 2257 1211 Deja esa quietud, llevántate, toma la flor
1241 1205 2263 1264 más exquisita, que te rodea la visión de
1247 1262 1462 1315 Dios.
1295 1313 2257 1372 Suelta las cintas de tu traje y riega ro¬
1241 1367 1961 1426 sas al paso del caminante....
1615 1462 1686 1512 2
1827 1462 1901 1515 2
1250 1570 2230 1626 ido His pasos en mi corazón.
1298 1686 2254 1745 Oigo tus pasos en mi corazón y la flor de
1244 1740 1845 1799 mi vida se abre toda.
1310 1794 2257 1850 Qué dicha es ésta, amor, que he bebido
1244 1841 1573 1897 en tu secreto?
1295 1898 2260 1954 Como una ráfaga de luz que ilumina la
1244 1952 2251 2008 senda del jardín oculto he visto tus ojos
1250 2006 2039 2062 nacer en toda la dulzura mía....
1289 2059 2245 2112 Irás conmigo tras las nubes veloces á oin¬
1244 2113 2263 2166 el canto de los pájaros y el temor de la paz
1244 2164 2245 2220 en la sombra!.... Te ha dicho El que de¬
1241 2218 2000 2268 bes acompañarme eternamente?
1301 2271 2257 2327 ... Siento desvanecerse el mundo en lo
1241 2322 2248 2381 vago q. no se alcanza iy todo es alegría!...
1301 2376 2248 2432 Ven, coje los caracoles y dejemos la pla¬
1244 2432 2260 2491 ya, que empieza el sol, y el mar y el cielo
1247 2486 2245 2539 están de júbilo en la felicidad despierta.
1289 2537 2254 2590 Mis flores de ayer han cado en tus ma¬
1244 2591 2260 2644 nos, y ligero el pensamiento se cuela y se
1241 2644 1985 2700 teje á tus flores de mañana....
1776 2707 2212 2763 DELIA M. WEBER.
1236 2758 1725 2817 Sto. Domingo, 1921.
