2479 3508
773 408 1809 458 MADRE
304 599 1262 664 El dulce nombre de madre, es la más
244 653 1265 718 tierna palabra que labios humanos han
250 713 1253 772 pronunciado; ella indica un amor puro,
250 755 1262 823 cariñoso, desinteresado. Es la mujer fuer¬
247 811 1268 876 te que expone su vida para dar al mundo
247 862 1256 930 un ser. Ella guía nuestros primeros pasos.
244 916 1265 984 evita todos los tropiezos que podamos en¬
244 970 1262 1037 contrar; cuando aún nuestros labios no
238 1023 1259 1088 saben pronunciar nuestros dolores, ella los
244 1077 1265 1142 comprende y vela ante nuestra cuna ese
244 1128 1256 1196 bello sueño de la niñez. Es faro que ilu¬
244 1185 1265 1246 mina nuestra juventud, mitiga los ardores
244 1235 1262 1300 de nuestro corazón, es la amiga leal en los
238 1289 1262 1354 años borrascosos de nuestra vida, ¡Madre!
250 1340 1262 1408 es el don mas precioso que el cielo puede
247 1397 349 1449 dar.
295 1450 1262 1512 Quién es la mujer en cuyo regazo nos
238 1504 1259 1569 sentimos libres de todo peligro, y en el q.
241 1555 1256 1620 se olvidan las penas, y sólo sentimos el ti¬
247 1608 1271 1673 tac de un corazón que verdaderamente nos
244 1662 367 1718 ama?
298 1719 1259 1781 La mujer en sí es una gota de agua, pero
247 1773 1015 1832 la madre es un océano inmenso.
292 1823 1256 1885 El nombre de madre significa abnega¬
244 1877 1259 1939 ción, sacrificio y es capaz. hasta del
238 1928 1274 1993 martirio. Ella sufre si sufrimos; llora si
241 1982 1271 2044 lloramos; goza si gozamos. Es el ángel di¬
247 2035 1253 2097 vino que cubre de flores las zarzas de nues¬
241 2089 1256 2151 tro camino. ¡Ah! Si, es la que en los pechos
241 2146 1262 2208 enciende el fuego santo de la patria; es la
1304 617 2313 676 que enseña a rezar y á querer Bendita
1304 668 2319 733 mil veces bendita seas, pues es la que deja
1307 716 2325 784 escrita en nuestros corazones el mas tierno
1310 773 1782 829 amor de los amores.
1370 814 2313 888 Nunca es malvado el que adora á su¬
1307 877 2313 942 madre ha dicho uno de los poetas de la
1301 931 2316 993 edad presente. Y los poetas son los intér¬
1313 987 2313 1043 pretes del corazón, ¡Madrel es como el
1310 1041 2316 1100 hálito de las flores que embalsama siempre
1307 1092 1934 1151 las brisas de nuestra vida.
1392 1144 2316 1205 Sabéis quien formó el eco? Lo formó el
1307 1196 2310 1258 dulce nombre de madre para que repercu¬
1310 1250 2239 1312 tiera por todos los ámbitos de la tierra.
1355 1310 2319 1366 ¡Oh! delicado nombre que aún las vi¬
1307 1358 2307 1417 brantes notas del violín, el arpa, la lira y
1310 1411 2316 1467 el laúd no han podido expresar esa suave
1307 1462 2313 1521 melodía, que es la mas tierna emoción del
1301 1516 1447 1569 alma.
1358 1570 2313 1629 Solamente hubo un ser degenerado que
1304 1623 2316 1682 nos dice la historia antigua romana, el
1301 1674 2313 1736 cual mató á su madre para saber donde
1310 1731 2158 1784 había sido formado. Ese fué. Nerón.
1352 1788 2316 1841 ¡Oh! los que tenemos madre, debemos
1301 1835 2304 1897 cuidarla y quererla con amor inmenso
1307 1889 2310 1945 pues no ha de ser eterna; cuando se mar¬
1301 1943 2316 1999 chite, no volverá a recuperar su perdida
1307 1997 2313 2056 lozanía. Solo existe una, una como un solo
1304 2050 1695 2106 Dios en el cielo.
1973 2161 2266 2214 ASIULAIRAM.
1027 2462 1582 2527 Paisaje.
286 2624 1262 2683 La tarde era un poema! Naturaleza puso
232 2671 1250 2736 en ella la dulce alegría del vivir; la Prima¬
238 2722 1262 2790 vera rubia y soñadora lucía el prestigio de
238 2776 1253 2841 todas sus galas: el cielo de un azul purísi¬
241 2836 1259 2894 mo, cual la veste de una virgen; la brisa
232 2889 1265 2948 tibia, suave y perfumada acariciaba las
241 2943 1256 3002 rosas frescas y los fragantes claveles, pu¬
235 2997 1250 3062 dorosos se ocultan; las tímidas violetas y
232 3053 1062 3109 albos lirios se inclinan pensativos.
286 3107 1262 3160 La tarde es un poema! El sol espléndido
241 3164 1244 3220 y radiante es un chorro de oro en la cam¬
241 3221 1247 3271 piña; mientras á lo lejos el mar de indigo¬
1301 2633 2292 2691 azul mece gentil y airosa una vela blanca.
1361 2686 1761 2739 Tal una ilusión!
1352 2791 2307 2847 Luego lentamente. se esfuma el pai¬
1301 2844 2310 2900 saje; la tarde viste tonos grises; avanzan
1304 2898 2310 2954 las sombras: se arrebuja en un lecho de
1307 2958 2307 3011 púrpuras el sol; hiere los aires el grito del
1304 3006 2310 3065 gañán vibra el angelus en la ermita cerca¬
1301 3056 2301 3109 na, mientras gentil y airosa deja una estela
1301 3110 2295 3166 la vela blanca que se pierde en las brumo
1304 3164 2033 3217 sas lejanías. Tal una ilusión!
1874 3221 2257 3274 GENOVEVA BAEZ.
