2479 3508
182 150 450 300 Fémina
1934 231 2015 387 2
2033 146 2245 244 N
2116 273 2191 379 2
746 296 1158 332 MANA
910 344 1531 386 CUENTO DE REVES.
955 380 1680 422 Para Doña Isabel Amechazurra Vda. Pellerano.
1271 409 1522 442 Ilustre Poetisa.
835 477 1528 520 María sollozando, suspiraba....
749 519 1498 565 Su padre con amor la contemplaba
746 571 1462 616 y entre blandas caricias le decia:
835 618 1391 651 —Dí, ¿qué tienes, Maria?
743 654 1689 699 Por que suspiras? ¿Qué supremo anhelo
746 707 1137 747 motiva tu desvelo
749 752 1591 798 que asi tu pecho oprime, vida mía.
835 803 1531 842 Conmovida la niña, tiernamente
752 857 1227 896 inclina su alba frente;
746 899 1528 944 y bajo el sol que en su pupila brilla,
746 942 1439 983 una fulgente lágrima, ardorosa,
746 989 1489 1025 surca, fugaz, por su febril mejilla
746 1041 1122 1072 en loco desvario,
746 1077 1543 1117 cual rueda sobre el cáliz de una rosa
752 1125 1427 1168 la transparente perla luminosa
755 1168 1400 1210 de una radiante gota de rocío!
761 1213 1564 1257 Y prorrumpiendo casi en un lamento
752 1260 1486 1305 al fin exclama con amargo acento
809 1320 1534 1356 —Si lloro, papasito, si me afijo,
755 1369 1218 1404 si paso horas en vela,
758 1413 1262 1449 es porque ayer me dijo
758 1456 1456 1496 una mala amiguita de la escuela
752 1501 1567 1541 que al ser su padre rico, la pondrian
755 1546 1227 1586 los Reyes esta noche
755 1591 1528 1634 lo que ella les pidió un lindo coche;
758 1635 1546 1681 y á su hermano tambien le dejarian
755 1683 1552 1726 un tanibor, un caballo y una espada,
761 1725 1612 1771 pero que á mi, por ser tan pobre, nada
758 1773 1585 1816 los Santos Reyes Magos me traerían.
856 1831 1713 1869 Si son buenos los Reyes, no me explico
776 1872 1537 1920 por que prefieren para el niño rico
773 1926 1241 1962 los juguetes mejores,
758 1974 1349 2016 y á mi, que soy tan buena,
767 2017 1531 2058 que nunca te ocasiono ni una pena,
770 2060 1546 2099 ni siquiera me ponen los peores....
764 2108 1310 2144 ¿Me pondrán esta noche,
764 2154 1289 2192 a mi, tambien, un coche
773 2201 1561 2237 los cariñosos Reyes del Oriente.
782 2242 1546 2281 Y acariciando al padre con ternura
770 2292 1576 2326 la niña aguarda, fervida, impaciente,
773 2337 1603 2377 la respuesta que colme su ventura....
910 2391 1394 2428 ¡Oh, sí, dulce hija mia;
770 2437 1489 2476 anda, reposa en celestial sosiego,
770 2481 1543 2523 que á Dios acudire con santo ruego
785 2525 1603 2574 porque se cumpla tu ansiedad, Maria!
874 2631 1528 2670 Y salió el infeliz, desesperado,
779 2674 1525 2711 detuvo á cada paso un viejo amigo;
785 2719 1534 2759 imploró caridad como un mendigo
785 2767 1630 2804 y no halló ni un centavo, el desdichado:
785 2815 1286 2852 Como tornar en calma
782 2861 1615 2897 á la humilde mansión en que hapitaba,
788 2905 1534 2938 sin llevar para el fruto de su alma
791 2952 1433 2989 el ideal conque tal vez soñaba!
788 2994 1594 3034 No pudo más; sin miedo, enloquecido
791 3042 1725 3076 llegó á una tienda, aprovechó un descuido.
797 3086 1653 3126 tomó un juguete que á su alcance habia,
797 3135 1546 3174 y por primera vez en su existencia
794 3180 1659 3216 sintió el remordimiento en la conciencia
797 3227 1668 3261 de ser ladron, en nombre de Maria.
1131 3295 1695 3329 ENRIQUE MONTANO, HIJO.
