2479 3508
298 229 510 285 Página?
2039 247 2310 300 Fémina
340 492 1110 548 En la serena calma de la tarde
340 543 1125 605 el horizonte viste azur y grana.
352 596 1149 661 Venus asoma en el Oriente ufana,
343 656 1098 709 y rojo Febo en Occidente arde,
349 758 1173 814 Sus moribundos lampos á la luna
337 808 1095 867 envía, cual caricia postrimera.
343 862 1152 921 mientras ella, se mira placentera
343 919 1170 975 al nitido cristal de honda lasuna
352 1023 1238 1079 Tiende la noche su estrellado manto
340 1080 1206 1139 llena de suave, misterioso encanto,
340 1140 1122 1190 protectora de amores y recelos,
340 1235 1209 1294 esparciendo el milagro de su llanto
340 1289 1259 1348 desde la inmensa comba de los cielos
340 1346 1233 1402 nostálgica del sol q. muere en tanto.
650 1453 1209 1509 Consuelo M. de Prías.
812 1507 1101 1563 (Magnolia,
1459 507 2251 563 Hablábamos de amor, el bosque ameno
1462 561 2140 625 nos brindaba sus dulces soledodes,
1468 623 2182 676 y el fuego obrasador de las ciudades
1462 677 2113 733 nos embriagabe de delicios eno.
1465 787 2107 843 Con su triste miror de Nacareno
1462 844 2083 900 sin temor lejanas impiedodes
1456 901 2152 960 qumentaba las grandes ansiedades
1456 961 2218 1020 del pobre corazón que Ela hir bueno.
1474 1068 2182 1127 Nuestros labios en uno se fundieron
1465 1131 2125 1181 y el amor verdadero al bebieron
1459 1188 2092 1243 bajo la cona del al sereno.
1465 1295 2134 1345 Y jugaban mis manos temblorosas
1462 1349 2146 1402 con las blancas y raras mariposas
1310 1391 1409 1449 4
1459 1411 2137 1464 que sujetoban su contorno belleno!
1570 1519 2227 1575 MARIO CAMINELO SANCHEZ.
755 3056 1839 3112 isa del Pucile de Sanlo Deming.
1456 375 1913 434 Añotanzas!
