2479 3508
1731 408 2212 467 PARA FEMINA.
779 349 1642 414 La todas de Polía.
217 567 1194 631 En los comienzos de la deliciosa noche
155 620 1206 688 del sábado 23 de Diciembre ppdo, en la
158 674 1188 742 morada de los estimados esposos Florenti¬
161 731 1206 796 no-Morales, sita en la pintoresca Villa
167 779 1200 849 Providencia, celebráronse las bodas de los
161 838 1203 903 distinguidos jóvenes amigos Srta. Lolín
174 892 1206 956 Espinet, flor que guarda el misterio de sus
170 946 1203 1011 innumerables encantos en la mas delicada
161 1002 1197 1064 de sus sonrisas y el afortunado galán
161 1053 1206 1121 J. M. Muxó culto y laborioso caballero, al¬
167 1113 1006 1175 to empleado del Ingenio Santa Fe.
223 1161 1182 1232 Apadrinaron las simpáticas bodas el es¬
170 1214 1206 1285 timado caballero Luis Florentino y la apre¬
170 1280 1203 1339 ciable dama Doña Orfelina M. de Sardá, y
176 1325 1206 1396 testigos los señores R. V. Lysen, Tomás
167 1379 1203 1447 Binet. E. J. Hensley, C. Braddick, W. Har¬
176 1453 274 1515 per.
220 1492 1218 1557 Dieron esplendor a esta noche en que
173 1543 1215 1608 triunfaba el amor, las distinguidas damas
179 1597 1206 1664 Lucila de Florentino. Polincita Vda. Es¬
182 1650 1209 1724 paillat. Orfelina de Sardá, Lalita de Her¬
179 1710 1215 1775 mández. Sra, de Gavino Vega, Sra. de Pa¬
1298 546 2283 611 Y las gallardas y fragantes flores del
1247 599 2277 673 pensil higuameño, Carmelita Morales,
1250 653 2277 721 Carmen Espinet. Cruz María y Genivera¬
1250 713 2283 781 Prince, Rosa María, Corza e Isabel Espinet,
1244 764 2179 843 y otras mas que sentimos no recordar.
1310 811 2283 885 Y transcurrieron varias horas entre el
1244 871 2283 942 mayor regocijo. Baco, desliaba alegría de
1241 925 2280 996 su cascada de rubio champagne en honor
1250 979 2286 1052 del dios Cupido, mientras éste, quizás lan¬
1250 1035 2286 1106 zaba dardos de oro sobre el rojo amapola
1250 1101 1656 1157 de los corazones.
1307 1143 2289 1211 Y ya cerca de las nueve, un carruaje que
1250 1196 2292 1267 se deslizó fugazmente por entre el silencio
1253 1253 2289 1321 de la noche, inició el desfile de las rosas
1256 1307 2245 1378 que asistieron al triunfo de los azahares.
1301 1361 2286 1432 Envío:- A Corza, suprema Nadeida,
1253 1414 2286 1485 la de ojos de nipona y faz de angel, delica¬
1253 1465 2292 1539 da como el perfume de las violetas, forma¬
1253 1531 2289 1593 da en el mas divino consorcio de lirio y
1253 1597 1462 1650 TOS
1313 1638 2221 1700 A Lolín y Muxó eterna luna de miel.
1510 1749 2245 1808 Cronista: J. MARTINEZ CONDE.
238 2558 1221 2617 A nuestra mesa de trabajo ha llegado el
197 2612 1230 2671 Núm.  de la preciosa revista cuyo título
191 2665 1230 2718 encabeza estas líneas, y qa se edita en San
197 2725 1230 2781 Pedro de Macorís bajo la dirección de la
197 2776 1224 2835 muy culta e ilustrada profesora Srta. Pe¬
194 2839 632 2889 tronila A. Gómez.
253 2886 1233 2945 El cuerpo de redacción está integrado
211 2940 1233 2996 por las no menos ilustradas Sras. María
191 2994 1224 3053 Luisa Angelis de Canino y Consuelo Mon¬
197 3053 561 3109 talvo de Frías.
247 3098 1241 3163 La labor de tan respetables y distingui¬
191 3155 1238 3217 das damas es por demás laudable, dado el
194 3209 1227 3277 impulso q viene tomando desde hace tiem¬
197 3262 1236 3333 po el feminismo en el mundo entero, pro¬
1262 2537 2319 2605 ceso este, que pone ante la mujer ancho
1271 2594 2310 2662 campo para el desarrollo de sus talentos y
1274 2665 1564 2718 actividades.
1325 2704 2319 2769 Nos cabe la satisfacción y el honor de
1274 2761 2316 2823 contarnos entre los buenos amigos de la
1274 2815 2322 2880 Srta. Gómez y el éxito de Femina es algo
1271 2880 1895 2936 muy grato para nosotros.
1331 2919 2322 2990 Al presentar nuestras mas calurosas fe¬
1283 2982 2319 3044 licitaciones á la ilustrada Srta. Gómez y a
1277 3030 2322 3100 sus dignas compañeras en la labor perio¬
1277 3089 2322 3151 dística, hacemos muy sinceros votos por
1283 3137 2325 3208 una larga y próspera vida de la bella Re¬
1289 3206 1433 3262 vista.
1477 3259 2280 3312 (De El Esfuerzo de Barahona)
510 1976 1940 2035 LA REVISTA FEMINA
364 2056 2230 2130 Se complace en felicitar en este día á sus dignos colaboradores, anunciantes,
473 2104 2230 2176 es. Corporaciones, á la prensa en general, y a cuantos en el país alienten
364 2110 435 2172 .
256 2122 435 2184 SION
262 2155 2230 2238 ideas de civilización y de patriotismo. Y desea un año nuevo, rico en inefable felici¬
265 2215 2239 2291 dad á los que de aquel modo contribuven noblemente á la prosperidad de la tercera
262 2295 516 2345 República.
1024 2477 1474 2530 FEMINA.
