2479 3508
441 369 2074 470 ve de
262 647 1238 703 Fémina llena su cometido.— Con inmensa satis¬
214 698 1233 757 facción vemos cada vez mas engalanarse las
221 757 1227 811 páginas de Fémina con trabajos de plumas
208 802 1209 864 femeninas, llenando asi nuestra publica¬
208 853 1224 915 ción su honroso, digno y hermoso cometido.
265 910 1224 969 Aver Eduviges Rosas, Delia Weber. Enri¬
214 964 1227 1023 queta de Cruzado; hoy la inspirada pluma¬
211 1014 1224 1076 de Genoveva Baez y la sensible de Maria
211 1068 1215 1130 Luisa Oliver cuyo sendomino es Asiulai¬
211 1119 1224 1181 ram, respondiendo atenta y gallardamente
208 1173 1227 1232 al reclamo que á la mujer hiciéramos, exor¬
208 1223 1227 1288 nan con bellas producciones literarias las
211 1280 1221 1345 nítidas páginas de Fémina; mañana....
211 1334 1212 1393 guarda silencio, pluma, no adelantes la no¬
203 1382 1218 1444 ticia, pues el sexo fuerte ratificará su opi¬
214 1435 1218 1494 nión de que las mujeres somos, indiscre¬
203 1492 304 1545 tas.
477 1570 979 1626 Y don Rosendo Forteza
477 1611 1021 1670 metiendo en bulla su calle
474 1653 1030 1712 vende con mucha destreza,
459 2462 1053 2521 Porfirio Herrera y Quiterio
468 2507 853 2563 Abogados sin rival
462 2552 1038 2608 han conquistado el imperio
456 2594 922 2656 de la región riental.
247 2701 1215 2757 Matrona fallecida—Recientemente ha falleci¬
200 2749 1206 2811 do en la ciudad Capital la virtuosa y mu¬
191 2800 1206 2862 estimada señora Dña Margarita Silva de
197 2856 1200 2915 Hernandez, tronco de respetable familia le¬
191 2904 1203 2972 vantada al calor del trabajo y de la virtud
191 2964 558 3017 mas acendrada.
244 3018 1212 3074 Al elevar nuestros votos por el descanso
188 3068 1212 3130 del alma de la dama fenecida, rogamos al
191 3125 1206 3181 Todopoderoso dé resignación á sus afligi¬
185 3176 471 3232 dos deudos.
468 1701 1003 1760 al por mayor y al detalle.
244 1806 1215 1864 Distinguidas bodas—El dia 22 del mes pasado.
203 1856 1218 1915 rodeado de distinguidos amigos, celebró sus
203 1907 1221 1966 nupcias en la ciudad de La Vega nuestro
197 1958 1221 2023 distinguido super-lira Fabio Fiallo, con la
203 2015 1224 2076 bella y culta dama Carrolina Almanzar Vda.
206 2068 379 2118 García.
250 2122 1218 2181 Los contraventes, al otro dia de dicho ac-
200 2173 1218 2238 to, pasaron á la Capital en viage de recreo,
194 2224 1218 2285 regresando el dia 27 á su residencia en la
200 2277 668 2339 ciudad de La Vega.
200 2331 1215 2393 Interminable dicha deseamos á los nuevos
200 2385 400 2441 esposos.
1322 1286 2000 1342 Damos las gracias al colega.
1543 1346 1994 1402 Alfaro Reves señores
1528 1391 1976 1449 Feretera sin rial.
1522 1438 2042 1491 Hay preciosos tocadores
1525 1480 1982 1533 y si quereis compra
1528 1522 2033 1578 otros muebles miles hay
1537 1567 2018 1620 Mas pinturas a escojer
1531 1608 2045 1667 tubería, hierro, tornillos
1531 1659 2027 1712 baria clavos y pillos
1540 1704 1955 1757 para lavar y barrer.
1310 1764 2271 1820 El dia 22 del mes pdo, victima de penosa en¬
1259 1814 2271 1870 fermedad, dejó de existir en esta ciudad el
1259 1868 2089 1927 estimado joven Eugenio Geraldino.
1322 1922 2274 1978 Mientras rogamos á Dios acoja su seno el
1262 1973 2280 2029 alma del amigo fenecido llegue hasta el se¬
1259 2029 2271 2082 no del hogar en duelo nuestra mas sentida
1262 2083 1561 2136 condolencia.
1307 2161 2271 2217 Restablecido.—Celebramos el restablecimien¬
1262 2212 2271 2271 to de salud del estimado joven Máximo
1265 2265 2269 2324 Coiscon, quien se encontraba en esta bajo
1262 2319 2271 2375 la atención médica del competente Dr. Ai¬
1262 2373 2039 2426 bar. en el Hospital San Antonio.
1307 2427 2176 2482 Celebramos que continue su mejoria.
1528 2489 2057 2542 Material de construcción
1516 2528 1922 2584 ellatrico, plomería
1513 2576 2030 2632 hallareis donde Lebrón.
1516 2621 2039 2674 Herramientas y motores
1528 2665 2000 2718 para los consumidores
1516 2710 1946 2763 en calle Senaración.
1510 2755 1964 2808 quincalla, cristalería
1525 2803 2027 2856 y máquinas Remington.
1295 2865 2260 2918 Del Conubio.— Recientemente contrageron
1250 2919 2101 2972 sus bodas en la Capital el estimado
2134 2922 2260 2972 caba¬
1247 2973 2257 3026 llero E. C. Leschhorn, Representante de A¬
1256 3027 2263 3086 tlas Comercial, en esta ciudad, y la gentil
1267 3083 2021 3133 y graciosa Srta. Consuelo Ortiz.
1307 3131 2266 3181 Eterna luna de miel deseamos á los jóve¬
1256 3188 1630 3241 nes desposados.
1325 653 2292 709 Nueva revista—Hemos recibido el No. 4 de
1325 859 2280 921 Con gusto corresponderemos con el can¬
1334 967 2277 1029 Tambien, correspondiendo á nuestro can¬
1994 214 2257 267 Femina
1307 707 2286 763 La Opinión, revista semanal, de indole
1277 764 2280 817 político social, editada en la Capital por
1280 811 1904 870 el amigo Sr. A. R. Nanita.
1277 1029 2280 1079 ge hemos recibido "El Ateneo de Hondu¬
1271 1074 2280 1133 ras de los meses Octubre y Noviembre.
1280 1131 2283 1184 publicación mensual, de Honduras, Centro
1271 1182 2269 1235 America, cuvo director es el vigoroso pro¬
1271 1235 2188 1294 sista y delicado poeta Froilan Turcios.
