2479 3508
179 155 441 211 Fémina
185 262 1188 312 Actitud beneficiosa de la mujer.—Con atenta dedi¬
125 310 1179 372 catoria hemos recibido el poema trágico ti¬
131 369 1182 422 tulado BUITRACIA, escrito por Hortensia
137 420 1182 473 Marquez, Dicho folleto está puesto en ven¬
131 480 1161 533 ta, y el productivo será destinado á contri¬
137 534 1173 587 buir á la compra de la casa que por iniciati¬
131 587 1179 640 vadel Paladion será donada á la yda del
131 644 1098 697 ilustre finado Dn. Manuel A. Machado.
182 701 1176 754 Aplaudimos la iniciativa del Paladion,
125 761 913 814 y la actitud de la Sra Marquez.
425 855 829 909 impe Lange y Co.
400 901 862 957 ofrecen ricas vailas.
406 952 928 1005 y famosas mantequillas.
403 996 853 1049 Preciosa cristalería,
403 1041 883 1094 lavabos ollas, cerveza,
400 1083 880 1139 con mucha delicadez
403 1134 913 1190 el despacho, y cortesía,
400 1179 922 1235 hilo, medias, caletines,
400 1220 871 1276 servicio para festines
400 1268 916 1327 en su gran Ferretería.
182 1376 1182 1426 Bafizes.—El dia 27 del mes pasado fué dia
131 1429 1170 1482 de regocijo para el hogar de los esposos
140 1483 1170 1539 Vargas—Santana, con motivo del acto bau¬
131 1537 1182 1596 tismal de sus nietos Ana Victoria y Gilda
137 1594 1125 1650 Ofelia Carbucia, y Nestor Julio Saladin.
179 1650 1176 1703 Apadrinaron á los simpaticos cristianos
128 1707 1170 1760 los señores Dn. Elias Vargas, Dn. Santia¬
140 1755 1179 1817 go Ricart, Dña. Dolores de Vargas y Dña.
137 1817 620 1867 Mercedes de Gomez.
182 1871 1173 1924 Larga y feliz existencia deseamos á los
134 1925 701 1981 inocentes pequeñuellos.
1994 152 2236 208 Página 10
1277 259 2274 312 Nueva maestra.—Altamente elocuente es la
1230 307 2274 366 nota que acaba de dar en la escuela Nor¬
1224 367 2274 419 mal Teórica la Srita. Angélica Concha gra¬
1224 420 2266 476 duada Maestra Normal despues de un bri¬
1227 480 1803 530 llante examen de tesis.
1277 528 2277 587 Cumplidamente felicitamos con entusias¬
1227 587 2143 643 mo á esta talentosa joven capitaleña.
1438 766 2274 823 fijaos en el anuncio de Timpe,
1215 850 1689 909 Lange, á Co. E
1271 1014 2277 1073 Subsanando. El Diario de macoris de fe¬
1209 1074 2280 1127 cha 20 del mes pasado publicó la siguiente
1215 1125 2277 1178 nota: En la nitida y elegante revista Fé¬
1224 1185 2271 1238 mina que circula hoy, aparece repetida la
1230 1238 2269 1297 palabra Ineditos en la pagina que suscri¬
1224 1289 2283 1348 be el joven J. Ernesto Garcia Aibar, moti¬
1233 1349 2271 1399 vo por el cual nos suplica la Directora Pe¬
1224 1405 2271 1458 tronila A. Gomez, pedir excusa al antor tan
1221 1459 2271 1512 amablemente como á los lectores, por la li¬
1230 1513 2274 1569 gereza de composición que asi se desea sub¬
1218 1573 1379 1623 sanar.
1295 1755 2280 1808 Fijaos en el anuncio de Fernandez
1221 1835 2060 1897 Hermanos, de Sto. Domingo.
1707 2265 2122 2345 E
289 2280 1898 2375 ARTEDADES
167 2456 1179 2515 Solución á la Charada o. 6
462 2552 850 2608 ROSA LIA
510 2674 773 2727 certijo.
406 2764 964 2820 Me arrancaron de mi casa
352 2815 901 2865 y me llevaron muy lejos.
352 2850 979 2912 después me hicieron pedados
368 2899 913 2957 y me encarcelaron luego:
358 2943 889 3002 por siera todo ello poco
361 2994 958 3050 hasta me prendieron fuego.
364 3036 931 3095 y cuando estaba acabando
355 3083 964 3142 me arrojaron por los suelos.
352 3128 901 3184 Al acabe, y unos golfos
352 3170 907 3232 al verme, me recogieron.
1218 2462 2239 2521 Solución al Cuadro Ceróstico
1558 2588 1943 2638 HAMLET.
1653 2695 1848 2745 Homero
1653 2752 1830 2805 Abrían
1656 2809 1836 2859 Música
1656 2868 1827 2918 Lázaro
1656 2916 1827 2972 Estaba
1307 3095 2209 3154 Solución á la Charada de Maquelia
1519 3188 1994 3241 MOSTRENCA.
