2479 3508
1471 0 2209 52 Archivo General de la Nación
1653 74 2015 130 HEMEROTECA
794 289 1731 378 PEINA
1704 393 1848 446 E
519 480 1922 533 REVISTA DE LITERATURA, CIENCIAS Y ARTES
800 528 1642 584 CONSAGRADA A LA MUJER.
850 683 1582 736 DIRECTORA ADMINISTRADORA:
749 737 1695 790 PETRONILA ANGELICA GOMEZ
1044 790 1394 840 Maestra Normal.
1053 949 1394 1002 REDACTORES:
752 1014 1689 1067 MARIA L. ANGELIS DE CANINO.
316 1062 2122 1118 PETRONILA A. GOMEZ, CONSUELO MONTALVO DE FRIAS.
2015 1188 2203 1246 N.
776 1193 1674 1246 San Pedro de Macoría, Noviembre 15 de 1922
232 1202 435 1261 año 1
582 1411 1868 1464 Pensando en mis Muertos.
412 1683 1200 1745 A comienzan á aparecer en el cie¬
435 1740 1200 1796 lo de la tarde pequeñas nubes
438 1794 1209 1853 grises; ya se siente de vez en
438 1847 1203 1903 cuando el ruido que producen las
283 1888 385 1948 N
435 1898 1203 1954 hojas secas al ser barridas por el
217 1925 409 1990 E
438 1955 1212 2005 viento; ya estamos en Noviembre.
247 2032 1218 2091 El tañido lúgubre de las campanas de
197 2086 1212 2145 la Iglesia nos recuerda que hoy es el dia
194 2137 1212 2199 señalado por los vivos para recordar á los
203 2200 412 2250 muertos.
256 2271 1218 2330 Y en cumplimiento de un deber sagrado
203 2322 1215 2384 la muchedumbre se dirige en pequeños
206 2379 1215 2444 grupos al Cementerio á poner en práctica
203 2427 1218 2485 la Santa religión de los recuerdos, rodean¬
206 2483 1212 2545 do los lechos de los que están solos de flo¬
206 2549 558 2599 res y de luces.
259 2615 1218 2677 Pensando en los muertos, en nuestros
206 2668 1209 2730 muertos, en los seres queridos que el amor
206 2719 1218 2784 nos hacía creer imperecederos. Yo pienso
203 2773 1212 2832 en mis muertos, en mi padre, uno de los
211 2830 1218 2889 seres que mas he amado, el que me dió el
211 2877 1221 2939 ser y embelleció los dulces años de mi in¬
214 2940 1224 2996 fancia. Sus restos descansan en el propio
208 2985 1227 3050 terriño de su nacimiento. No puedo vísi¬
208 3039 1224 3103 tar su tumba para llevar á ella flores, des¬
211 3095 1230 3169 pués de todo testimonio mundano de valor
1247 1650 2263 1706 relativo. Pero mi pensamiento salvando
1256 1701 2248 1766 la distancia puede visitarle y le visita, pa¬
1256 1755 2260 1817 ra llevarle la ofrenda de una oración y de
1256 1814 1561 1867 una lágrima.
1316 1886 2251 1948 Y lo mismo que el pensamiento cruza hoy
1256 1943 2263 1996 en un instante la distancia, asi se complace
1253 1997 2257 2053 tambien hoy en retroceder en la extensión
1262 2044 2263 2109 del tiempo para representarme al hombre
1262 2098 2254 2166 que me dió el ser y que me formó a hechu¬
1259 2146 2260 2214 ra y semejanza del, como le conocí en aque¬
1253 2203 2260 2265 llos tiempos mejores para mi, que pagaba
1262 2259 2263 2318 con creces mi cariño, y le veo sonriente, a¬
1259 2310 2260 2372 fable y condescendiente con mis debilidades
1271 2361 2260 2429 y flaquezas, pronto á mirar con el cristal de
1259 2415 2260 2480 aumente de su desinteresado amor mis me¬
1262 2468 2266 2533 nores méritos, rodeándome, en fin, de esa
1259 2519 2266 2584 atmósfera de afecto, sin la cual la vida re¬
1259 2579 2269 2635 sulta erial desapacible e ingrato, campo sin
1259 2638 1931 2691 flores, desierto insoportable.
1358 2704 2269 2768 Somos polvo y en polvo hemos de con¬
1268 2764 2271 2823 vertirnos repite el Sacerdote, triste verdad
1265 2812 2263 2877 que hoy acude á la mente de los que algo
1265 2874 1755 2930 mediten en este día.
1731 2946 2221 3002 MARIA L. DE CANINO.
1486 3030 2266 3086 Macorís 1 de Noviembre de 1922,
1830 3068 2080 3133 Villa Sol
