2479 3508
1110 725 1394 781 NO.
803 946 1648 1002 ¡No! Yo no soy futura podredumbre.
806 1005 1295 1061 No vine de la sombra,
809 1071 1322 1121 ni entre la sombra vivo,
803 1128 1325 1181 ni voy hacia la sombra!
806 1253 1594 1306 Nada hay en mí perecedero o frágil;
806 1316 1250 1366 no tengo de paloma,
800 1364 1549 1426 ni de cóndor, ni nada en absoluto
812 1432 1624 1485 que el gérmen de la Pálida corrompa!
812 1555 1648 1611 Mi pensamiento no es el pensamiento
806 1617 1301 1670 del que todo lo ignora,
803 1674 1692 1727 del que es barro tan solo, y en el barro
815 1737 1238 1790 tan solo evoluciona!
830 1861 1510 1912 No Yo surgí del caos poliforme
806 1916 1188 1966 en época remota!
809 1973 1564 2026 Por eso nace en mí y en mí palpita¬
809 2032 1495 2082 la primitiva fuerza de las cosas!
803 2155 1510 2208 A traves de los siglos, mi bagaje
809 2209 1352 2262 se ha llenado de auroras.
818 2262 1462 2315 y voy hacia las épocas futuras
809 2322 1680 2375 así; inmortal, imperturbable! sola!....
815 2444 1648 2500 INo! ¡Yo no soy futura podredumbre.
809 2504 1304 2557 No vine de la sombra,
806 2555 1343 2608 ni entre la sombra vivo,
806 2612 1421 2668 ni voy hacia la sombra!....
1018 2764 1648 2817 MARIBLANCA SABAS ALOMA.
1149 2836 1558 2892 Santiago de Cuba.
