2479 3508
594 644 1346 709 Beévolos fectores:
701 820 1877 876 Por primera vez se lanza mi tímida pluma con el
585 880 1877 936 propósito de hacer públicas mis ideas. Así pues, antes
603 931 1877 981 de comenzar les pido indulgencia para las primeras
588 982 1874 1035 flores que dará el árbol de mi pensamiento. Quizás
579 1029 1874 1097 las encontreis pálidas o faltas de arroma; pero conside¬
588 1086 1880 1139 rad que aún se encuentra débil; tiene que robustecer¬
595 1143 1880 1194 se con la sabia de la experiencia y con la práctica que
603 1191 1871 1249 vaya obteniendo á medida que vaya avanzando mas y
609 1250 1880 1300 mas en ésta noble y enaltecedora tarea...... Y
606 1298 1880 1351 veis por lo mismo que considero pobres las primicias
597 1352 1877 1405 de mi alma, me amparo bajo el pseudónimo de VIO
603 1408 1883 1461 LETA, ya que esta humilde florecilla apenas ostenta
603 1462 1880 1512 su corola a ojos de persona alguna. Y para concluir
620 1513 1889 1569 por hoy, ya mi felicitación á la culta revista, honor
597 1570 1600 1623 de las letras femeninas, y que se intitula:
973 1767 1528 1817 Para emina.
606 1979 1158 2029 Buscando una distracción
603 2018 1140 2073 para un rato de descanso
597 2062 1116 2115 ino cual ansiado anto
597 2110 1170 2163 que embriagara el corazón
609 2158 1152 2208 un número de la amina¬
603 2200 1140 2253 a darle a mi vida encanto
612 2244 1074 2306 y a la vez inspiración.
1289 1898 1767 1954 de su pecho la poesía
1298 1949 1886 1999 a su hogar, que dulcemente
1304 1991 1740 2050 paz y dichas le daría.
1558 2056 1630 2109 I
1298 2128 1680 2181 Me place felicitar
1292 2176 1892 2229 a todas las que actualmente
1295 2218 1725 2271 integran el personal
1301 2268 1871 2318 de Fémina, feliamente
626 2387 1140 2438 Oh! Que grandioso ideal
615 2430 1161 2482 persigen sus redactoras:
603 2471 1179 2527 rasa hoy nas auroras
623 2522 1185 2575 y estro nombre elevari.
868 2591 958 2644 III
594 2662 1140 2715 Pues que la mujer un día
612 2707 1107 2760 se encontraba rellegada¬
609 2755 1059 2805 de las cosas del país.
612 2800 1080 2853 y tan solo consagraba¬
1295 2406 1713 2459 Felizmente digo yo.
1301 2447 1824 2503 porque debe ser dichosa.
1301 2498 1880 2548 la que en su patria gloriosa
1301 2540 1883 2596 de ayuda y honor sirvió
1307 2609 1886 2665 ENRIQUETA M. DE CRUZADO.
1621 2674 1821 2724 VIOLETA.
1337 2740 1895 2799 San Cristóbal, Octubre 19
1665 2788 1857 2841 de 1922.
