2479 3508
2024 163 2233 222 Página 4
208 202 486 258 Fémina
1107 1761 1382 1820 E
821 2080 1415 2133 Sueños de Opio.
1298 865 2104 927 Junto á una cruz, al expirar el día,
1310 931 2119 993 una pobre mujer, de angustias llena,
1409 1005 1952 1058 sus lágrimas vera....
1307 1068 2122 1127 Doló á mi corazón su amarga pena
1313 1131 2152 1199 y ante el sepulero de la madre ajena
1307 1205 2065 1264 lloré la muerte de la madre mía.
862 2215 1642 2279 Donde ayer florecieron tus amores
824 2265 1436 2321 y se rindió tu corazón al milo.
821 2304 1525 2366 hoy florere el rosal de los dolores
824 2355 1525 2414 bajo la blanca luna del kastio.
877 2424 1585 2480 Ya no miran mis ojos tus primores
824 2474 1480 2524 bajo el dombo infinito delvacio.
832 2510 1471 2575 y solo quedan pálidos fulgores
826 2558 1692 2620 del sol de nuustro amor que está ya frio.
871 2630 1585 2688 Anesar de tu olvido y la distancia
826 2677 1546 2733 llega a mi como mística fragancia.
826 2722 1585 2781 el crepúsculo vago del recuerdo.
862 2791 1606 2850 en la góndola azul de mis delirios
832 2836 1555 2894 sonando con los nardos y los lirios
824 2883 1612 2936 en las caricias de tu amor me pierdo.
1194 2961 1645 3017 M. Caminero Sánchez.
835 3036 1394 3089 (De Motivos Románticos
1319 528 2149 599 Motivos de Noviembre
1462 695 2021 754 EN EL CEMENTERIO
