2479 3508
274 146 471 199 Página 5
2009 152 2271 208 Fémina
635 432 1546 485 Los Peligros del Flirt
728 555 1919 611 Llorosa y acongojada, una amiga me confiaba las
635 605 1152 661 las penas de su alma.
791 656 1916 718 Ove quieres—me decía, yo también quise flir¬
635 707 1907 772 tear, para conocer lo q. era esa cosa alegre y ligera q.
641 767 1910 823 practican con tanto exito las mujeres extranjeras.
635 820 1919 873 Ahora la triste experiencia me ha demostrado que no
635 871 1916 927 servimos las españolas para ese juego. Porque flirtear
632 922 1922 984 es jugar con el amor; en éste juego el acierto está en
638 979 1904 1035 no poner más que el espiritu; pero es muy dificil, por¬
635 1029 1916 1088 que amenudo, sin que una se de cuenta, toma parte el
638 1083 916 1142 corazón y.
794 1137 919 1193 y
788 1188 1922 1246 Y puede venir la desgracia de toda la vida,
632 1247 1916 1300 Llega un momento en que posesionadas de nuestro
644 1301 1919 1351 papel de flirteadoras, no queremos escuchar al propio
635 1349 1916 1408 corazón, para poder seguir jugando, y sucede que
638 1402 1839 1461 cuando por fin le prestamos atención ya es tarde
749 1459 1913 1512 Yo tuve, un inovio, un flirte?. No sé como
632 1507 1913 1563 llamarlo; era un hombre que me gustaba infinitamen¬
638 1564 1922 1620 te; quizá por eso me dediqué á hacerlo sufrir. Quise
641 1620 1591 1670 firtear, ser coqueta queria probar eso
1624 1620 1916 1673 y jugué con
632 1674 1910 1727 su corazón haciéndome la frivola, la cruel, la coqueta,
638 1719 1919 1778 por fin conseguí con mis imprudencias apartarlo de mi¬
635 1779 755 1832 lado.
743 1835 1916 1885 Cuando me di cuenta de q. lo quería con toda mi
632 1886 1916 1939 alma de q. me había enamorado verdaderamente, era
657 1937 1910 1990 ya tarde, estábamos separados por mil rencillas y ya¬
635 1991 1913 2044 era demasiado orgullosa para pedirle perdón y con¬
638 2044 1030 2100 fesarle mi amor.
740 2098 1919 2151 Mas tarde, por despecho o por no sé que, me ca¬
638 2152 1922 2202 sé con un hombre rico, mejor tipo que él, y que ade¬
641 2206 1913 2259 más me adora, pero á quien yo no quiero ni podré
635 2256 883 2318 querer ya.
743 2313 1916 2363 Flirteé demasiado, y ahora sufro mi castigo.
626 2361 1910 2417 Siento la nostalgia de mi amor, y esto me hace ser des¬
635 2418 913 2477 genciada.
743 2468 1916 2530 Pobre amiga mía! Estaba tan triste al contarme
632 2522 1925 2575 esto, que no tuve valor para reñirla un poco, ¡Pobre
635 2576 1919 2635 mariposa, que quiso jugar con fuego y se quemó las
635 2627 1919 2688 alas No supo ver que un hombre es nuestro mientras
635 2683 1919 2739 siente que somos suyas, al igual que una mujer es de
632 2734 1913 2793 un hombre mientras comprende que el cariño de éste
635 2797 1313 2847 de pertenece completamente.
1367 2871 1865 2924 LEONOR DE OLZAGA.
1465 2949 1755 3002 Española.
