2479 3508
211 178 477 231 Fémina
629 940 1698 993 ¡Ah! que estoy cansada! Me he reido tanto,
626 1005 1642 1055 tanto que á niis ojos ha asomado el llanto;
626 1068 1639 1121 tanto, que este rictus que contrae mi boca
629 1140 1501 1193 es un rastro extraño de mi risa loca.
1176 1277 1271 1330 Y
626 1411 1642 1461 Tanto, que esta intensa palidez que tengo
626 1480 1621 1533 como en los retratos del viejo abolengo)
623 1543 1370 1596 es por la fatiga de la loca risa
629 1614 1627 1667 que en todos mis nervios su sopor desliza.
1179 1752 1274 1805 K
626 1889 1746 1939 ¡Ah, que estoy cansada! Déjame que duerma,
632 1955 1671 2008 pues, como la angustia, la alegría enferma.
626 2023 1674 2076 ¡Qué rara ocurrencia decir que estoy triste!
635 2086 1606 2142 Cuándo mas alegre que ahora me viste?
1164 2226 1268 2282 Y
632 2367 1594 2417 ¡Mentira! No tengo ni dudas, ni celos,
629 2430 1788 2480 ni inquietud, ni angustias, ni penas, ni anhelos:
626 2498 1677 2551 si brilla en mis ojos la humedad del llanto.
632 2564 1549 2623 es por el esfuerzo de reire tanto.
1236 2704 1776 2754 JUANA DE IBARBOUROU.
