2479 3508
143 140 420 193 Femina
1982 125 2182 184 Página 8
708 286 1719 342 SENOR, LA PAZ.
1030 471 1310 524 CONCLUSION.
173 593 1149 646 Las naciones, en su fracaso de encontrar
131 647 1155 700 un acercamiento entre ellas, persisten en
122 701 1140 754 su afán de enturbiar el agua en esa paz fin¬
125 761 1146 814 gida que nos trajo el Tratado de Versalles.
128 808 1155 861 Y mientras juegan á pompas de jabón, la
122 862 1155 918 aurora de la guerra despuntaya en oriente.
122 916 1155 969 Inglaterra no ha podido ni podrá extermi¬
119 970 1143 1023 nar los focos de revolución que la amena¬
119 1023 1149 1079 zan en sus colonias. Las revolucciones, cuan¬
131 1077 1158 1130 do engendran el verdadero sentir de los
134 1131 1152 1187 pueblos, pueden sí temporalmente domi¬
125 1185 1155 1241 narse; pero jamás extinguirse. Son como las
128 1238 1152 1294 aguas del arrolluelo que al encontrar el di¬
119 1292 1146 1345 que que interrumpe su curso, se hunden en
125 1346 1149 1402 la tierra para aparecer luego á plena su¬
131 1399 1146 1455 perficie cuando el suelo le es propicio. Ru¬
128 1456 1143 1509 sia nos dá el mejor de los ejemplos. En A¬
125 1507 1149 1563 mérica, donde las institucciones de paz y de¬
125 1561 1152 1617 mocracia suplantan á los rencores secula¬
131 1617 1152 1673 res de la caduca Europa, las repúblicas la¬
128 1668 1155 1724 tinas miran de reojo y con razón al Aguila
125 1725 1149 1778 del Norte que amenaza aprisionar y extran¬
128 1782 1158 1835 gular en sus garras á aquellos pueblos que
125 1826 1149 1888 de rodillas no la adoren como á una divini¬
125 1883 1152 1939 dad. Los rayos del Sol Naciente dejan sen¬
131 1940 1149 1999 tir yasu calor en el mundo entero. Rusia,
125 1994 1158 2047 no obstante el hambre intenso y vicisitudes
131 2047 1149 2103 tan cruentas q. poblan de desolación su sue¬
131 2101 1155 2154 lo sigue sangrando en luchafraticida. Tur¬
134 2158 1155 2208 quía, amenaza dar vida á las olvidadas pero
131 2209 1155 2262 terribles guerras moriscas. Mientras todos
134 2265 1152 2318 creíamos que Lepanto fué la fosa del poder
1188 581 2224 646 guerrero de los Mahometanos, los naciona¬
1197 635 2230 694 listas turcos tienen hoy en tensión á los
1197 689 2224 751 mervios de todo el orbe. Grecia, la nación
1200 743 2230 805 latina con un gobieno Tudesco, prende la
1200 796 2224 858 hoguera que puede arrastrar á los pueblos
1194 850 2218 912 a una conflagración mundial. El Cristia¬
1197 907 2224 966 nismo, ese que fingimos pero no sentimos,
1197 961 2227 1023 se apresta á quebrar los brazos de su cruz
1194 1011 2224 1073 redentora, convirtiendo ésta en lanza ven¬
1203 1071 2227 1130 gadora. Y seguirá la guerra su curso de
1194 1131 1812 1181 destrucción y muerte....
1256 1173 2218 1238 ¡Qué horror! Humanidad, ciega huma¬
1194 1238 1851 1288 nidad, dejad paso al poeta.
1265 1331 2134 1393 Cuantos padres quedarán sin hijos!
1247 1411 2137 1461 Cuántos hijos quedarán sin padre!..
1247 1477 2083 1527 Cuanto dolor, y pestilencia y luto!
1250 1543 2170 1596 Cuánta mutilación, cuántos cadáveres!
1247 1653 1904 1706 Cuanto hogar destruido.
1253 1722 2191 1775 Cuánta dicha tronchada, cuántos ayes!
1247 1788 2071 1841 Cuántas madres tornaránse locas!
1253 1859 2143 1909 Cuántos niños morirán de hambre.
1250 1961 2230 2023 Ante tal perspectiva, ante tal cuadro
1200 2020 2230 2073 desgarrador, caigo de hinojos, miro al cielo
1200 2067 1976 2136 y exclamo SENOR, LA PAZ.
1495 2182 2170 2238 El Marqués de ALEMTYT.
134 2600 1161 2650 No escribas Estoy triste i quisiera extinguirme:
131 2641 1024 2691 Los estos sin tí son como amor sin fuego.
140 2686 1158 2742 Y he cerrado los brazos que no te han de abrazar:
134 2728 1065 2787 Llamarás a una tumba si lamas a mi pecho.
403 2779 689 2829 No escribas
131 2874 1077 2930 No escribas: No enseñemos á todos á morir.
137 2919 1158 2978 Pregunta sólo a Dios a tí si es q. me amaras.
131 2955 1027 3020 ir en tu silencio que sigues adorándome.
134 3009 1098 3065 Es escuchar el cielo dejando en tierra el alma¬
403 3053 692 3109 No escribas!
1209 2597 2236 2647 ¡Noescribas Tengo miedo, Measustamimemoria:
1200 2633 2131 2694 Haguardado tu voz que dulce, me llamaba.
1206 2683 2068 2736 Es la letra querida como un retrato vivo,
1206 2731 2236 2784 A quien no ha de beberla porqué mostrarle agua?
1468 2776 1764 2829 No escribas
1203 2871 2131 2927 No escribas las palabras que no oso va leer:
1209 2922 2233 2978 Parece que en mi pecho tu voz viene á verterlas,
1206 2958 2149 3020 Que las veo brillan temblando en tu sonrisa,
1215 3015 2209 3065 y que en mi corazón las deja un beso impresas.
1468 3056 1764 3109 No escribas!
880 2471 1018 2527 COS
1074 2474 1477 2530 Separados.
1439 3128 2191 3184 MARCELINE DESBORDES VALMORE.
