2479 3508
143 137 352 190 Página
1907 95 2173 145 Fémina
698 369 1600 437 Santa Cristeza del Silencio.
1134 480 1594 548 Para Emilio A. Morel.
794 564 1636 625 Desde mi alcoba, en el silencio austero,
704 605 1349 667 como desde la cúpula luciente
704 647 1468 712 da ignota catedral, paciente espero
716 701 1468 760 tu retorno, tranquila confidente
800 767 1471 831 Hubo llanto de pétalos, y enero
707 808 1415 876 te llevó de mi lado la vehemente
716 856 1486 915 ternura amable de un amor primero
719 901 1406 966 te hizo llora tan dolorosamente
812 970 1615 1032 Y al fin me abandonaste. Pero ahora
716 1017 1519 1082 hay algo en mi que sin quererlo llora.
719 1059 1525 1133 algo que no es amor algo que abisma
809 1131 1573 1199 á la inquietud las almas, lo que reza
728 1179 1415 1249 por olvidados sueños la tristeza
725 1223 1558 1291 de haber perdido la tristeza misma
1191 1322 1612 1378 ARMANDO OSCAR.
792 1384 880 1444 2.
331 1611 1212 1676 Plegaria á Ntra. Sra, de Altagracia.
379 1817 1098 1873 Gracias delalma ¡Oh Madre mía!
388 1871 961 1924 De noche y día yo te daré.
385 1922 1030 1984 En mis dolores y mi aflicción
388 1976 1062 2041 Siempre amoroso á Tí exclamé.
388 2077 1188 2130 Vuelve esos ojos, siempre clementes,
394 2128 997 2196 Divina fuente caima mi sed
406 2182 991 2247 AT mis ruegos se dirijan
394 2238 1068 2306 Porque contaba con tu merced.
400 2337 898 2402 Yo estaba desesperado
409 2397 865 2450 lloraba noche y día.
407 2450 952 2508 Pero en T Virgen María
409 2504 1012 2560 Siempre tenía mi esperanza
417 2558 913 2611 y fue tanta tu bonanza
412 2609 988 2671 Que así lo probaste un día.
409 2704 1101 2775 Ante tus plantas bien humillado
406 2755 1173 2823 Siempre y per siempre yo lo estaré
412 2815 1212 2880 Porque en T estaban mis esperanzas
417 2874 943 2930 y en T tenía toda mi fé.
1627 1701 1851 1751 Solución
1489 1749 1970 1808 De intrépido marinero
1433 1797 1886 1856 el rumbo seguí tenaz
1433 1841 2006 1894 y he visto en tiempo fugang
1439 1883 1979 1945 la racha que el derrotero
1439 1928 1940 1990 orció con impetu fero
1439 1976 1973 2038 hacia la rada. Y en pag.
1444 2020 2048 2082 CHARADAde orden tercero.
1594 2176 1892 2235 CHARADA NO. 4
1674 2238 2003 2294 Poro Manolia.
1486 2307 2018 2369 El prima tercia inmortal
1447 2349 1982 2411 vive con todos los Seres.
1444 2394 2057 2465 y pienso que en las mujeres
1450 2444 1910 2497 tiene mucho de ideal.
1501 2486 2042 2551 Le laman tres dos tercer
1444 2540 1910 2596 a la dos tres paisión,
1462 2585 1919 2647 y mi todo óvelo bien,
1450 2627 1994 2683 es población de primera.
1815 2680 2015 2730 LASCONI.
1540 2779 1991 2838 Romo Acróstico Central.
829 2982 1182 3044 ELIO CONTIN.
573 3107 1277 3175 Hato Mayor, Agosto 22 de 1922.
1737 2853 2006 2912 do una letra
1737 2898 2039 2954 2, un número
1731 2940 2006 3002 y un árbol
1731 2988 1997 3047 o un verbo
1734 3036 2009 3089 o una letra
1615 3083 2071 3139 Total una celebridad.
