2479 3508
235 116 501 169 Fémina
2048 110 2295 169 Página 10
552 318 2089 375 de de e
247 599 1238 652 Mariblanca.—Son leídas con sumo placer las
203 641 1233 694 producciones de la vigorosa postisa cubana Ma¬
197 680 1247 739 riblanca Sabas Alomá que venimos publicando
203 731 1238 784 desde nuestros números anteriores, fino obse¬
208 779 1236 829 quio del distinguido super lira dominicano Ha¬
206 823 1238 876 bio Fiallo anuestra Fémina; honor que sabemos
203 868 758 921 reconocer en lo que vale.
241 913 1236 966 Según hemos sabido por una nota reciente de
206 958 1236 1014 nuestro apreciado colega Cuna de América, al¬
208 1002 1238 1058 pie de una composición suva, la genial poetisa¬
197 1047 1236 1103 apenas ha salido de la adolesencia, y ya brilla en
200 1089 1247 1151 el cielo hispano americano como astro de primera
208 1140 982 1199 magnitud. Loor al talento femenino.
244 1943 1233 2002 Acudid á La Fama, juventud elegante. Allí
197 1982 1227 2047 hay una infinidad de calado fino y de última mo¬
197 2029 1227 2094 da, para las fiestas de vierno de todos núme¬
200 2077 1038 2142 ros y colores! Acudid, que se acaban!
244 1274 1230 1330 Doña América Valdez—ofrece a precios modes¬
200 1316 1236 1378 tos  de seda trajes, y pues — Organdíes que
200 1361 1236 1426 expuestos veris si acudis prestos Encages,
208 1408 1233 1467 cintas y fores para conquistar amores en
197 1453 701 1515 estas proximas estas.
238 1591 1238 1650 Distinguidos viageros.—Han llegado recientemente
200 1638 1238 1697 de la vecina hermana Borinquen los esposos Di¬
208 1680 1230 1742 monnet Marin, quienes vienen a fijar su residen
200 1728 623 1781 cia entre nosotros.
244 1773 1233 1835 Es el señor Dimonnet Manager de la Bul In¬
200 1820 450 1873 sular Line.
247 2197 1227 2262 Solucciones. Hemos recibido de nuestras chara¬
197 2241 1227 2309 distas varias soluciones á la Charada No. 3 sien¬
197 2286 1080 2354 do agraciada en el sorteo la señorita Luz.
244 2388 1221 2453 Oomástico.— El martes día 7 del mes en curso,
194 2430 1227 2497 celebró su onomástico el muy apreciado caballe¬
200 2474 1233 2542 ro Godofredo Canino, esposo de nuestra querida
197 2522 940 2590 Redactora la Sra, M. L, de Canino.
235 2570 895 2635 Larga y feliz vida le deseamos.
244 2704 1227 2772 Sucursal de Jorge Cuestacalzado fino y ba¬
200 2752 1224 2817 rato tiene un surtido completo para el públi¬
200 2794 441 2853 co sensato.
232 2934 1227 2999 Fallecimiento.— Recientemente ha fallecido en la
194 2979 1209 3043 ciudad Capital el distinguido ciudadano Luis T
191 3024 1230 3092 del Castillo, tronco de apreciada familia, á quien
191 3068 1224 3133 enviamos nuestro posame, especialmente anues¬
194 3116 1230 3181 tro amigo Lado. Luis C. del Castillo, hijo del
194 3158 364 3217 extinto.
1319 593 2316 646 Bodas.—Han unido sus destinos en esta dos ele¬
1289 638 2319 694 gantes parejas al conjuro del amor el distingui¬
1280 686 2325 739 do Bachiller Emilio Guerrero con la espiritual
1280 728 2319 784 señorita Lalita Albizu y el correcto jóven Hum¬
1283 779 2322 829 berto Salazar con la gentil señorita Enriqueta,
1283 826 1388 876 Rijo.
1343 868 2319 921 Que el hada Felicidad de alfombre de flores el
1280 916 2000 969 sendero de estos nuevos esposos.
1325 1047 2319 1100 En la botica Coiscou, elegantes Manicures
1286 1095 2322 1154 para suavizar las manos de las damas de buen
1280 1140 2328 1196 gusto, amabilidad y atenciones de don Julio á
1283 1188 1549 1241 sus clientes.
1322 1319 2310 1372 Don Fel Barbosa.— Este noble borinqueño, hijo del
1280 1367 2325 1420 trabajo, y buen amigo de los dominicanos quien
1283 1411 2316 1464 sevió envuelto en falsas acusaciones, ha salido al¬
1280 1459 2322 1509 roso. Esta vez la justicia ha sabido premiar la¬
1277 1504 2316 1557 inocencia, devolviendo ilesa su intachable repu¬
1277 1543 1907 1602 tación al correcto borincano.
1328 1594 1961 1650 Le felicitamos por su triunfo.
1328 1731 2319 1784 Silvain Coiscon ofrece objetos de ferretería
1283 1776 2233 1835 para todos los gustos a precios de situación.
1319 1820 2316 1873 Llegantes sorbeteras para helados y pon¬
1280 1871 2310 1921 cheras—para bañar los bebescacerolas, limpia¬
1280 1913 2313 1972 pies—y miles prendas cuseras, todo a precios
1277 1961 1540 2011 moderados.
1325 2352 2313 2414 Novios que gustais de obsequiar finamente
1277 2397 2310 2459 en las pascuas a vuestras gentiles amadas, en la
1271 2441 2304 2503 casa Villa Marzo, hay esquisitos regalos, dul¬
1277 2486 2200 2563 ces finos y bombones y riquísimos licores.
1313 2597 2310 2659 Enriqueta de Cruzado.— Desde las riberas del rumo¬
1277 2644 2313 2703 roso Nigua nos envía sus mellas caciones
1271 2689 2304 2751 una ganora alondra. E. M. de Cruzado, distin¬
1277 2737 2313 2799 guida Profesora capitaleña que actúa en San
1274 2779 2301 2844 Cristóbal, inicia su labor literaria en las páginas
1271 2827 1525 2877 de Fémina.
1310 2871 2307 2933 Felicitámosle calurosamente, y ojalá que otras
1271 2913 1862 2993 damas imiten este ejemplo.
1319 2092 2307 2151 Fémina ha querido obsequiar á sus buenos anun¬
1283 2140 2313 2196 ciantes y a todos sin exepción irá regalando un
1280 2185 2304 2241 extra intercalado en la crónica, como regalo de
1277 2235 2098 2288 pascuas, que anticipa por ser muchos.
1313 3039 2313 3100 Las jóvenes que no compren donde Modesto
1322 3176 1883 3235 Todo bueno y muy barato.
1277 3083 2313 3151 Cedano sus toiletes de las pascas no podrán
1268 3131 2152 3193 hacer conquistas, ni cosecharán piropos.
