2479 3508
555 623 1874 679 S
728 797 1639 858 F. G Co.
612 1940 1728 1993 OTOS pana negalo
832 2035 1498 2094 TODO NUEVO. PRIMOROSO,
821 2128 1501 2184 TODO CHIC TODO PRECIOSO,
534 2247 1764 2300 VENGA UD. Y LO VERA
564 1489 1779 1545 Artículos que se recoriendan si so os.
313 1591 1979 1644 TRALES. FALDAS, KIMONAS, BLUSAS, BATAS, ABANICOS, SOMBRILLAS,
304 1653 1979 1727 SOMBREROS ELEGANTISIMOS, VELOS PANA LA CARA, GUANTES, CINTAS,
328 1752 1988 1808 ENCALES. BORDADOS. ADORNOS DE TODAS CLASES, CAMISAS DE HILO
295 1835 1982 1888 ESPANOLAS, CORSETS. PANUELOS, TELAS FINAS DE SEDA Y ALCODON.
277 2334 2063 2396 FIIIIIIIII. FIIIIIIIIIIIIIIIIIIIIIIIIIIIA L.
328 2459 2071 2527 HERALDO DE LA MUJER", es el periódico femenino por excelencia. El visira los hogares
253 2549 2074 2599 de las mujeres más cultas, y de los hombres más ilustrados. Toda puertorriqueña debe ser suscrip¬
250 2621 1773 2674 cora del periódico que coadyuva a la cultura de la mujer, y defiende sus derechos.
322 2692 2074 2748 Es deber de la mujer moderna ilustrarse y vivir con su época y con su siglo. Y es deber del
244 2767 997 2820 hombre ayudarla en tan nobles empeños.
259 2898 1149 2948 VIIIIIIIRIRIRIRIRIRIRIRIRIRIRIRI RIRIRIRIIIIIIINISTRIRIRIRIRIII.
340 2967 1056 3017 Boletín Histórico de Puerto Rico
1253 2901 2068 2957 Redactado por nuestro historiador Dr. C. vetano
1182 2949 2021 3002 con y roste, contiene la Historia de Puerto Rico
1247 2997 2065 3050 Podrá faltar obra tan nteresante en la biblio¬
247 3027 1815 3095 ERERRRIRIRIRIRIRRIRERRRRIERARRIRIRIRRIRRIRRIRIERRIDE Leca de un intelectual puertorriqueño.
1964 3045 2071 3100 Adve.
