2479 3508
492 990 2042 1058 DE IIIEL PARA LA DELLO LA
719 710 1817 767 ILLINA
650 1191 2024 1249 Debido al gran éxito que hemos alcanzado con nuestra Pomada
477 1271 2018 1336 Cutánea ELITA en la curación de las pecas y manchas del cutis, han em¬
477 1373 2015 1423 pezado ya a lanzarse al mercado muchas IMITACIONES de nuestro pro¬
465 1543 2009 1602 numerosa clientela nos apresramos a advertirle que no acepte bajo nin¬
474 1635 1307 1688 gún concepto SUSTITUTOS de nuestra
612 1832 1821 1888 POada ELA
474 1967 2021 2020 pues de seguro no obtendrán el resultado satisfactorio que obtienen con la
465 2050 2015 2109 muestr. Muchas CREMAS CUTANEAS debido á los ingredientes que
468 2134 2015 2193 entran en su elaboración HACEN SALIR VELLOS en el cutis los cuales
468 2226 1740 2282 como es muy sabido afean notablemente el rostro femenino.
462 2394 1985 2453 Si su farmacentico no tiene la Pomada "LELLIA
922 2486 1543 2539 Pidala directamente;
474 1456 2030 1512 ducto con nombres más o menos sugestivos; pero en beneficio de nuestra
623 2770 1851 2828 QUIA DEL PU CU.
782 2877 1665 2936 JUANA DIAZ, PTO RICO.
1032 3119 1468 3169 Ayuntamiento de Madrid
