2479 3508
967 426 1495 485 HERALDO DE LA MUJER.
355 578 2167 640 NUVELAS FUERIURIUEA
1100 661 1444 721 POR E
770 767 1752 829 ANA ROOUE DE DUPREY
373 904 1462 963 En dos elegantes tomitos se publicarán las siguentes:
453 1435 877 1485 GOOD RTE FOREVER
1444 1495 2080 1548 LA FIESTA DE REYES Premiada)
450 1504 1262 1554 EL SECRETO DE INA SOLTERA (Premiada)
519 1608 2057 1664 El 30 por 100 del producto de cada tomo se dedicará a obras de beneficencia.
522 1668 2152 1724 Lo que corresponda al primer tomo, será entregado al Instituto de Bienestar Social,
382 1728 2083 1790 para ayudar con algo a la implantación de la Casa Reformatoria de jóvenes desamparados.
519 1788 1919 1847 Las personas que deseen suscribirse al primer tomo, se servirán avisarlo.
441 1029 1047 1079 EL REY DEL MUNDO (Premiada)
447 1098 761 1148 LUZ Y SOMBRA
450 1164 1006 1217 LAS HIAS DEL SOL Cuento
453 1232 779 1282 ANDINA Cuento)
447 1301 1050 1357 LA VIRGEN DEL MAR Levenda)
453 1361 922 1417 EL RAMO DE IACINTOS
1439 1011 1854 1067 FLOR DEL PANTANO
1439 1089 2074 1142 UNA LECCION DE ASTRONOMIA
1447 1155 2074 1211 LA SERENATA DE LOS ANGELES
1439 1226 2054 1279 EL HADA DEL SORATA CCuento,
1447 1298 1656 1348 FIABELLA
1444 1361 1958 1414 UN LANCE DE CARNAVAL.
1444 1429 1653 1479 SINALMA
1032 3137 1465 3190 Ayuntamiento de Madrid
704 1982 1836 2038 SU PRECIO SERA UN DOLLAR
1003 2247 1540 2306 ATENCION
525 2349 2158 2414 Se suplica á las personas a quienes se les ha enviado el periódico y lo han aceptado re¬
391 2400 2155 2471 teniéndolo, remitan el importe de la subscripción, para poder atender a los gastos de im¬
391 2462 1540 2527 prenta que por las circunstancias actuales, son muy crecidos.
540 2510 2164 2578 A las señoras que les hemos enviado recibos esperamos de su corrrección y honora¬
388 2579 961 2635 bilidad los satisfagan pronto.
534 2630 2167 2691 Los que recibieren este periódico y no lo devuelvan, o avisen de su no aceptación, se
388 2695 919 2745 les considerará suscriptores.
531 2740 2161 2805 Sólo a personas que gozan de buena reputación por su honradez, o que conocemos,
391 2791 2164 2859 nos decidimos a enviarselo, confiando en que no serán capaces de defraudar una empresa,
388 2847 1656 2912 naciente y patriótica que debe protegerse en todo país civilizado.
1555 2946 2083 2999 LA ADMINISTRACION.
