2479 3508
534 531 2003 593 DICCIONARIO ENCICLOPEDICO HISPANO AMERICANO
388 1617 841 1679 LOS
576 1800 701 1862 pur
704 2009 835 2065 Qu
486 2041 600 2100 a
2152 1116 2158 1246 —
1003 1196 2154 1252 Es la obra más necesaria, imprescindible, en todos los
913 1253 2113 1303 hogares donde se habla la bella y sonora lengua castellana.
928 1307 2161 1360 Y más aún tratándose de los de Puerto Rico, donde la cultu¬
916 1359 2157 1411 ra de la mujer corre parejas con su belleza y alta distinción
2154 1359 2161 1529 —
919 1411 1056 1467 social.
1003 1479 2154 1536 En los momentos actuales en que el feminismo va abrién¬
913 1531 2152 1587 dose paso con el fin de llegar al puesto que por derecho le
2152 1531 2158 1684 —
916 1588 2131 1641 corresponde, ningún factor más importante, que una obra
922 1634 2154 1694 como el Diccionario Enciclopédico, que pueda servirla de
922 1692 2151 1743 portastandarte para con una preparación adecuada, obtener
922 1746 1495 1802 la consecución de sus ideales.
1006 1820 2131 1876 Ningún consultor más apropiado, ningún confidente más
913 1871 2122 1930 útil, ningún amigo y director más verdadero que este libro
913 1925 2113 1984 tan admirable. En sus s millones de palabras han encontra¬
925 1976 2122 2038 do cabida las explicaciones de todos los vocablos y modismos
922 2026 2113 2091 de nuestro idioma. Y allí encontrará también la mujer todas
913 2083 2110 2142 las afecciones de su alma, desde la religión hasta las ciencias,
916 2134 2119 2190 desde el teatro de los primeros tiempos hasta el de la época
916 2191 2154 2247 actual; la música en todos sus detalles, la literatura y bellas
2152 2221 2161 2691 N
916 2247 1041 2300 artes.
599 2427 862 2492 "
388 2468 465 2521 K
1071 2394 1976 2444 Corte y Remita Hoy Mismo
471 2612 800 2671 purante
540 2788 734 2838 HOS
480 2946 770 3002 meses.
1355 2474 2089 2530 Fecha.....
976 2522 1561 2581 THE GROLIER SOCIETY
1334 2576 1955 2629 Apartado 1239. San Juan P. R.
973 2630 1994 2686 Estoy interesado en el Diccionario Enciclopedico Hispano Americano.
982 2677 1967 2730 Sirvase enviarme gratis el opúsculo descriptivo del mismo.
1080 2740 1970 2790 Nombre....
1074 2797 1964 2850 Profesión u ocupación.....
1080 2859 1982 2909 Calle y número
1032 3137 1462 3190 Ayuntamiento de Madrid
