2479 3508
991 414 1516 467 HERALDO DE LA MUJER.
328 492 2167 569 rrerrerrerrer
342 534 501 597 N
2003 555 2156 629 S
344 575 483 628 a y
522 578 526 705 —
1988 590 2154 646 a de
707 620 1794 679 LA MUJER Y LA LIVILILACION
1967 634 2154 695 a n
737 779 1152 837 Cada día trae su afán,
943 829 1146 879 Jeterio
400 910 1227 975 Cada época de la vida tiene sus necesidades y sus
322 955 1224 1020 conveniencias mingún siglo se parece a otro, ni minguna
322 1002 609 1061 dan otra la
400 1050 1230 1112 Las leves morales, escritas en la conciencia de los
325 1095 1221 1157 meblos y en los ciugos que los rigen van variando y
322 1140 1224 1205 humanizándose serán la mumanidad siene su progreso
325 1188 925 1246 volutivo hacia su perfeccionamiento.
403 1235 1227 1294 Pero ninguna las moral puede ser usta, si en su
331 1280 1227 1342 pietien ocasiona perjuicio á un ser capaz de sentir el
325 1325 1224 1390 dolor fero o moral e actin en contra de las leves de la
331 1370 513 1426 Naturaleza.
397 1417 1227 1479 Por eso hemos visto á la Humanidad en los prime¬
316 1462 1212 1524 ros tiempos de su historia, sacrincando hombres muje
316 1510 1227 1572 res y niños a la divinidad asurdo, que adoraba en su
328 1558 1230 1614 ignorancia, a la cual los precia en holocausto horrible
325 1603 1221 1661 con la esperanza de conseguir del dios monstroso que
322 1647 1215 1706 foriana inconcientemente en su tantesta, bienes tore¬
319 1692 1221 1754 nos que halagasen sus pasiones, sin tener en cuenta el
316 1737 913 1796 dolor cruento inicido otros seres.
394 1788 1218 1844 adelantando un tanto la humanidad por la vía pro¬
319 1838 1224 1891 mesita de la civilización desparecieron los acricios
316 1877 1215 1936 humanos mos subsisteron los de sangre entre los paga¬
316 1925 1212 1984 nos de la riente y artistin rein y aún entre los hu¬
319 1973 1173 2029 digo renidos por Moisés que aún enciacaban animales.
391 2018 1215 2073 Añnque todo aquello paso, queda entre mosotros
316 2059 1212 2121 costumbres no despiados aún de la babarie antiga.
394 2107 1218 2166 Tenemos leves para potener los animales y no las
319 2155 1212 2211 tenemos para pronibir que la humanidad e siga alimen¬
316 2200 1212 2256 tanto de seres amados, que seguramente están pose¬
319 2247 1218 2303 dos de un alma embrionaria y de igual fuera vital que
319 2292 1215 2351 nosotros y por lo tanto, sucentibles al dolor sico, y
316 2340 749 2393 tal ves al dolor moral.
388 2385 1215 2441 Luego no es un sacrincio también el que una hija
310 2432 1215 2488 abandone a su madre y a su madre encianos y entemos
313 2477 1212 2530 quido para ingresar en una seta o congregación pal¬
313 2528 1215 2578 siosa privan de a los autores de sus alas de los aunios
319 2570 1206 2626 que reclama su vejer No es es contrario a la ma¬
319 2615 465 2665 turalera;
388 2659 1212 2715 Todavía le falta mucho a la Humanidad para al¬
310 2704 1086 2763 amar su perfeccionamiento para ser humana.
382 2755 1215 2808 y las muerros? Habrá cosa más hárbara que las
313 2803 1209 2853 guerras: Nada que la Humanidad no tiene aún ni la
313 2850 764 2900 mitad de su camino andado.
388 2892 1218 2945 En otro orden de cosas, estudiemos la mujer, de un
304 2937 1212 2987 modo ligro y superficial, como tiene que ser en un a¬
310 2982 1209 3035 tículo de periódico, que lo principal que demando es
304 3027 474 3080 onción.
1027 3149 1453 3202 Ayuntamiento de Madrid
1958 677 2119 733 a de
325 698 2164 772 te
1343 784 2161 843 En las primeras edades, era moral, era buena la
1262 829 2161 891 mujer que puedecía ciosamente a su marido y levaba a
1268 880 2155 936 cado los más mados trabajos con la sumisión de una ser¬
1265 922 2158 981 ra, a la que ni siquiera de le consideraba ena de en¬
1265 970 2164 1029 tune a la mesa de su señor, ni demostrar sentimiento
1268 1017 2161 1073 alguno, si el podigala su amor y otras mujeres. su
1262 1062 2167 1121 moral era ser posin de curo inconsciente as virta la
1265 1110 1639 1160 mujer entre los indios.
1337 1152 2164 1211 La religión pagana, adoradora de lo bello, realzó un
1265 1196 2161 1258 tanto á la mujer que nacia bella y lleno sus templos de
1265 1244 2158 1300 culturas, y en oimpo de diosas de admirablos formas
1268 1295 2152 1351 y la mujer social solo rendia culto á la bellera y la sen¬
1265 1337 1412 1390 nalidad.
1340 1385 2158 1438 Avergienza pensar en los misterios de Venus Afro¬
1265 1426 1433 1485 dita.
1340 1474 2155 1533 El Cristianismo trato de espiritualizar á la mujer.
1265 1522 2155 1581 La vistio de negros savales, las ilo de la sociedad los
1262 1564 2158 1623 ener en monsterios impenerables, para levar una
1265 1608 2149 1667 vida de contemplación de cincios y pendencia, solo men¬
1262 1656 2155 1715 tas empletamente a la salución de su alma privados de
1262 1704 2152 1760 lar mula a los demás y de cumplir las leves de la mu¬
1262 1752 1373 1802 ralera.
1340 1797 2158 1850 En medio de esas costumbres demasiado austeras.
1268 1844 2149 1897 para las necesidades del sielo, brilla una luz, con resplan¬
1253 1886 1952 1945 dores humanos lo hermano de la caridad.
1331 1934 2152 1987 Pero para ser una buena madre cristiana, para ser
1259 1976 2152 2038 excelente esposa, entonces bastaba conocer la doctrina
1256 2023 2146 2085 como la aprendian los entecimeros y hacer de mañana,
1262 2071 2146 2130 en las comidas, y por la mole, los graciones de rial.
1265 2113 2152 2175 Conteane, asistir a todas las festas religiosas, aderen¬
1262 2164 2152 2220 el puebero del marido, murer las ropas y limpiar la casa.
1325 2206 2152 2268 Su esposo lamás le cominicana, sus negacios para
1253 2253 2152 2312 me; Ella no podia entenderle rone vida Cuando
1253 2298 2152 2357 se marchitaba su hermosura, cosaban los oleccios del
1256 2346 2152 2402 marido que siempre aburido realizándose aquello de la
1265 2385 2152 2447 la soledad de dos en compamigo, salta de su casa des¬
1259 2438 2143 2497 perado, y el vicio ina a encontrate en la casa de luego
1256 2483 1552 2536 o en los apanares.
1325 2528 2146 2587 Los hijos, aunque respetaban a su madre si tenían
1256 2576 2146 2632 buenos sentimientos, la consideraban interior intelec-
1259 2621 2143 2680 tualmente, y no osaban hablor de sus estudios delante
1247 2665 1450 2721 de ella.
1325 2710 2143 2772 Moría el padre, los niños eran aún pequeños: el tu¬
1253 2755 2152 2817 tor, y quien no era el tutor los robaban lo que tentan¬
1256 2806 2149 2862 la miseria más espantosa, la depravación a veces, el cri¬
1250 2847 2146 2909 men, quizás era el resultado de la ignorancia en que se
1256 2898 2143 2957 habia educado la madre. Costumbres equivocadas con¬
1256 2940 1615 2993 tarias a la naturaleza.
1319 2988 2146 3047 Los tiempos han cambiado. No puede educarse a
1247 3033 2143 3095 la mujer, hoy solamente para ama de laves y
