2479 3508
1000 414 1528 473 HERALDO DE LA MUJER.
450 659 1283 712 La Guerra Civil había puesto una barrera de sangre
376 707 1283 760 entre los Estados antes unido. El alma avangelica
376 749 1277 805 de Lincia contemplaba la lucha de lo alto, atormentada
379 796 1277 855 por el dolor de todos arriendo por el sur y con el
379 838 474 897 su
453 886 1280 942 Celebrábase en la ciudad de Milvaulce una reunión
379 931 1277 987 de Gran perios. La amarición de general se¬
376 976 1277 1035 ridan de una mota de regnante entusiasmo a la am¬
376 1023 1274 1079 pen Bare se leno de muestras marille mienta¬
376 1071 1274 1127 las manos e intaban para aplanar al ele vetorios.
453 1116 1271 1172 Las una muehacita bando se adelanto a dule
382 1167 1083 1220 la bienvenida, con unos versos improvicados.
453 1208 1283 1261 El prato general, conmovido por el homente de
379 1250 1274 1309 aquella musa de entorte años le no las gracias pública.
376 1301 1280 1357 mente acariciando la mole cabeza juvenil con su fuerte
379 1352 689 1402 mo de le..
453 1397 1191 1447 Ella Wilcos sonreía ante su primer triunfo.
414 1438 1283 1494 En esta buen en unida por mulos veternos de
376 1483 1274 1542 la muerra, quienes delico veros engalando se pro¬
376 1531 1274 1587 na Vuía en una con de campo dera de libailes.
376 1573 1274 1632 donde su pade trabajaba en los naciones contradicto¬
382 1617 1280 1679 las de agricalor vinsta y maestro de baile. Ela
376 1695 1280 1757 ama de enta. Debemos educarla para ser MADRE en
385 1743 1283 1805 toda la entensión de la palabra en una epura de acción
388 1791 1280 1853 movimiento de positismo práctico en la cual se ora¬
376 1829 1274 1894 baino, y se le de culto á Dios atudando á la mu¬
379 1877 1274 1942 manidad a proseguir su carrera internable de progre¬
382 1925 1271 1987 so, Humanismo y Perfeccionamiento infinido, incul¬
385 1970 1274 2032 cando en cada ser que viene a la vida este hermoso codi¬
385 2018 1065 2085 go de Moral ristas enerado por deste:
456 2056 1268 2115 No hagas a los demás lo que no quieras para un
462 2110 1277 2169 Al cual ha añadido la Cuilización Moderna, este
379 2164 465 2217 otro:
462 2203 1280 2253 Si buscas tu bien, sin procurar el de tu projimo,
376 2256 815 2309 no conoces la Len de mas.
462 2292 1283 2345 el prias a tus hijos en la ignorancia y la molicia
379 2337 1286 2399 eres una maluda, porque serideas seres inocente
382 2385 1277 2444 que Dios te confó para que procuraras hacerlos honrados
382 2438 540 2494 felices.
459 2474 1283 2527 Si pasas tu vida ocupada en futilezas, y no tratas
376 2522 1286 2581 de acerente a Dios, por el bien y la ciencia estudiado
388 2570 1286 2629 los maravillas de en grandera que tiene constantemente
382 2612 1283 2674 me la para que lo conoras y lo admires, no abes lo que
385 2653 1283 2721 es nación ni puedes mulerio á la familia: PIEN.
385 2707 1280 2766 SA EN TODO ESTO. MUJER. V. TRABADA.
382 2746 1280 2811 LER ESTTIDIA PIENSA. que la hora ha le
385 2794 1286 2862 mado de abandonar las costumbres favolas de las épocas
385 2839 1289 2900 de ignorancia, y tomar la parte en la labor penaita de
391 2886 1280 2948 progreso y medención que ta impulsando a la humani¬
385 2934 1286 2996 dad hacia el desideratun de una vida más en armonía
385 2982 988 3044 con la Caridad, el Amor y la justicia.
850 3033 1212 3089 Ana Roqué de Dupre.
785 555 1824 605 Ella uneeler milcon
1032 3155 1453 3208 Ayuntamiento de Madrid
1316 650 2221 706 estudió en una pequeña escuela rural; pero su afición
1322 692 2215 754 por las letras y una lectura insaciable la pusieron en
1313 740 2212 799 contacto con los mejores poetas y prosistas ingleses y
1313 796 1510 846 americanos.
1394 832 2215 891 Su primer libro, a causa de la falsa interpretación
1322 877 2209 936 de un editor de Chicago, dio á su juven autora una pre¬
1319 919 2218 984 matura aunque tiste celebridad. Se tila poemas de
1316 970 2215 1029 Pasión y fue rechazado sin ser ledo con el califentro
1322 1026 1510 1076 de inmoral.
1391 1062 2209 1121 Algunos de sus amigos se enteraron del asunto y
1328 1104 2218 1172 poco después un diario de hivontes publicada un suelo
1322 1149 2215 1214 ciendo como una nina de misonsin había asombrado
1313 1196 2215 1258 a Cudad galatar con veros más realistas que
1319 1250 1862 1306 los de suiburne y lima.
1400 1289 2218 1351 As fué conocida en su país la poetisa que iba a ca¬
1322 1334 2218 1399 tar durante su vida la más alta aspiración de moralidad.
1391 1382 2218 1444 Desde entones fué muy popalar en inglaterra y
1319 1423 2221 1488 Estados Unidos. Su poema natriner tuvo anto nio
1319 1468 2218 1536 que cientos de mujeres levan ese nombre como homen¬
1319 1525 1797 1590 je a la creadora de la herna.
1397 1564 2224 1626 Más tarde en Nueva Yort fué el centro de un cir¬
1322 1608 2227 1670 culo terarios y al morir la meina vistoria á nues¬
1328 1656 2227 1718 Yons american la envió a Londres para que escribiera
1322 1701 2218 1760 sus impresiones acerca de los fuerales As nacio su
1325 1746 2224 1808 bello poema he ducen mides ro par que merecio
1328 1803 1594 1856 tantas alabanzas.
1388 1838 2215 1900 La muerte de su hijo desperto su interes por la filo¬
1319 1889 2218 1948 porta espiritualista, dedicandose al estudio de la reosoria,
1319 1937 2057 1993 que abrió nuevos horizontes a su inspiración.
1400 1976 2218 2041 Murió en Ner aven en octubre de 1919, poco des¬
1328 2026 2224 2088 me de su regreso de prancia en donde trabajo durante
1322 2074 1940 2133 la muera entre las tropas americanas.
1400 2116 2224 2175 El ideal predilecto de su alma era la fraternidad
1319 2161 2218 2223 mueral. Supiraba por el momento en que los hom-
1325 2209 2221 2268 bres conocerán su común origen e identico destino en el
1331 2262 1773 2318 plan de la evolución divina.
1397 2301 2221 2357 En la composición Sumpativo expone la necesi¬
1325 2349 2224 2405 dad de la lucha del error y del lanto como medios en el
1331 2400 1880 2456 perfeccionamiento de los hombres.
1400 2447 2221 2500 Es tu camino arduo, hermano? Ruge la tem¬
1325 2498 2224 2557 pestad y te atan vientos hostiles ne sorprende la
1325 2540 2227 2602 noche famigado y sin embargo, cada amanecer te levan¬
1325 2591 2221 2647 tas y signes adelante; yo te comprendo, hermano.
1328 2641 1767 2700 porne de viajado como tal
1364 2680 2224 2745 Está tu corazón loco de anhelos, hermana? Encien¬
1325 2731 2230 2787 den tu pecho todas las grandes pasiones; ne ciosa la
1325 2773 2233 2832 maravilla de tu espirita vibrante de entusiasmo o de de¬
1325 2818 2233 2880 lor Hermana, te comprendo ¡Yo también he sufri¬
1325 2874 1442 2924 do así
1400 2913 2224 2975 Está tu paso lleno de insidias, peregrino? En¬
1328 2955 2227 3017 cuentras abismos donde creiste ver rosas las vecila¬
1561 3024 1994 3077 Continúa en la página 9
