2479 3508
985 435 1513 485 HERALDO DE LA MUJER.
453 558 1215 617 LOS PORIAS
1259 561 2027 620 ORIENTALES
543 692 994 751 INSENSATO ANTELO
432 808 967 864 Hallarte sin cesar en mi camino,
549 850 850 912 sin poder poseerte.
546 898 955 957 Tal ha sido el tormento.
435 946 1074 1005 Que me imposo implacable mi destino.
549 987 922 1049 Y sin de esta querte.
429 1035 1041 1094 Sin que exhalen mis labios un gemido.
426 1128 928 1184 Desearte, y huir de tu regazo
546 1173 943 1229 ón que estrana tortura.
549 1217 850 1276 Ninguno acertaria
429 1265 1110 1324 Por qué al dolor como a una fe me abrazo
552 1310 928 1366 y oculto mi amargura
435 1355 1015 1414 que es a la vez placer del alma mía
1671 799 2095 855 Carmela Eulate Sanjurjo.
1262 886 1740 945 Traducción directa del Arabe.
1337 937 2161 987 La Revista literaria de Lima El Mercurio Peru¬
1259 979 2155 1035 por en su número de sentiembre del pasado año publi¬
1259 1026 2158 1079 ma elección de los poetas orientales de procimo li¬
1259 1074 2161 1127 bro que editara la brillante escritora portorriqueña
1265 1116 2158 1172 Carmela, Bulate tan conocida va en amerca por sus mu¬
1259 1164 1994 1220 meros y bellísimas traducciones del meles:
1501 1262 1913 1315 EL SAUZALII.
1767 1352 2086 1405 De Dante Rosetti¬
465 1632 1050 1688 Al partir toda el alma me ha llevado.
429 1674 1089 1736 an grande y tan profundo es este amor¬
432 1722 1012 1778 ran hondo es el encanto que pabia
432 1770 958 1826 En la dulce harmonta de su ni¬
429 1814 1015 1873 Pario como las ques cuando vuelan
432 1862 1018 1918 Dejando el nido al despuntar la lu¬
429 1907 1000 1966 Como una golondrina que sus alas.
438 1955 985 2011 Va deslecando en el escio al
423 2000 964 2056 sus ojos entreabiertos escondian
432 2047 925 2103 De su alma el purísimo mor.
435 2092 1009 2148 y en ellos asomaban ya las lágrimas
429 2140 949 2193 Al recuerdo indeleble de amor.
423 2188 943 2238 A veces gría de sus dientes
429 2232 907 2285 La blanca e imita niudez.
423 2277 988 2330 Los mostraba cual perlos orientales
429 2325 958 2378 sobre el tono morado de en piel.
423 2370 928 2426 De las perlos tentan la pureza.
429 2409 907 2468 Vel tono de plancura idera
435 2459 1021 2515 Y a instante pense que era su boca¬
429 2504 991 2560 Como el vale el freso manantial
423 2552 1074 2608 Que lo embellece y en sus limpias aguas
423 2597 955 2656 puede calmar la devorte sa.
426 2644 1000 2697 Mientras conia su lina como enero
420 2689 946 2745 El viatero que inciones al per:
420 2737 1012 2793 La mole la terminado: la mañana
423 2782 994 2841 Esplende ya con destumbrante la
429 2830 1009 2886 y el sol sobre el clarísimo horizonte
1367 1394 2083 1455 Vosotros los que tristes recorreis esta selva,
1295 1444 1916 1500 con el malido rostro famigado, alanero.
1304 1489 2086 1548 Sos almas que han perdido su amante compañero,
1301 1537 2074 1593 Cuantos horas terribles Cuando la noche vuela
1304 1585 2021 1641 ya vuestros corazones las dela no de vuela.
1301 1629 1985 1685 La esperana perlida en esfuero postrero.
1304 1677 1997 1730 No dará vuestros labios el licor verdader.
1301 1722 1994 1778 Antos que la mañana en su luz os envuelva
1298 1767 1991 1823 Sanal incomprensible tus tristes avenidas.
1298 1814 2006 1867 Moiadas por las lágrimas en misterioso cance
1295 1859 2119 1912 De un sueño protensimo nos brindan los torturas
1304 1901 2060 1960 Ya contempin el cundo de vida estinguido
1295 1949 2021 2008 Antos que erar opres entre los alos mes.
1295 1997 1958 2053 Mas vale de la muerte la rigida negrure.
1492 2095 1916 2148 EL SAUZAL.—I.
1331 2179 2060 2232 El Amor ya no canta cual se tocan las rocas
1295 2226 1946 2279 Al suave halance que imprimeles la bria
1301 2268 2015 2327 Sin que caigan sus netalos y pronto los inta.
1295 2316 1925 2375 El prores redero de las florosas.
1292 2364 1982 2420 Ad el canto y su poco, como analosas cosas.
1292 2409 1991 2468 Se enener en el mito ven la lur incisa.
1301 2450 2000 2512 Ya mo y de mi amada la dule un emisa.
1298 2501 2048 2557 y el mismo amor ignora mis ansias amorosas.
1331 2546 2113 2599 No se muestro encuentro de incine y le benido
1298 2594 2086 2650 El agua en que su imagen brillo resplandeciente,
1265 2638 1925 2691 y bel al su alma en el agua poria.
1328 2683 2110 2742 El Amor me contempla y la enhalado un gemido,
1289 2728 2083 2787 En sus brazos me oprime con enoción creciente.
1298 2776 2027 2829 Y mestras dos cabezas nimo de luz circunda
1659 2839 2080 2889 Carmela Eulate Sanjurjo.
531 1519 994 1575 AL PARTIR....
1027 3149 1462 3199 Ayuntamiento de Madrid
