2479 3508
1024 411 1561 464 HERALDO DE LA MUJER.
683 546 1934 614 La Escuela Correccional de Mayaguez
340 1495 1292 1560 Una de las compañías militares organizadas en la escuela
561 1546 1059 1602 Retormacora de Puerto Rico.
412 1629 1241 1691 Es hermosa la descripción que nos han hecho de tan
337 1683 1238 1745 necesario y útil establecimiento que hace honor a Puerto
334 1737 435 1793 Rico.
409 1791 1238 1850 Situado en una colina en Guanajibo, goza del más
337 1841 656 1900 encantador paisaje.
414 1898 1241 1954 Hay asilados 300 niños delincuentes los que entran¬
331 1952 1236 2011 allí hoscos, llenos de ira, por su castigo merecido, y al
334 2000 1236 2059 poco tiempo, gracias a la magnífica dirección que tiene
334 2047 1233 2112 este plantel, se les encuentra transformados, diciles,
328 2101 1233 2160 amantes del estudio y del trabajo en camino va de ser
331 2158 1227 2214 en el mañana hombres honrados y útiles a la sociedad.
400 2209 1233 2265 En vista de este resultado, nuestra Legislatura, de¬
322 2262 1230 2321 bía procurar establecer otras Escuelas Correccionales,
328 2319 1224 2372 para regar la semilla del bien, entre nuestras clases pro¬
334 2370 928 2426 letarias, y arrebatar seres al Presidio.
400 2430 1230 2488 Hay allí nis de todas las edades, hasta de cinco
322 2483 1230 2542 años qué terrible es eso ¡Qué responsabilidad para
322 2540 1218 2593 los padres, si los tiene, y si es huérfano, para la sociedad.
400 2591 1224 2644 Con lo asignado para cada niño, 20 centavos dia¬
325 2647 1221 2700 rios, se les proporciona una alimentación abundante
328 2698 519 2754 y nutritiva.
403 2758 1221 2811 Garbanzos o habichuelas; tortas de maiz; guineos u
316 2812 1221 2865 otra fruta cosechada por ellos mismos, en el terrenito.
316 2865 1212 2918 que tienen, que aunque no es muy fértil, está bien culti¬
322 2919 991 2972 vado, y es una ayuda para su mantención.
391 2970 1221 3023 Los mismos niños cocinan, lavan y planchan sus
319 3027 1212 3077 ropas, y tienen el establecimiento limpio y ordenado.
1328 2638 2254 2709 Banda infantil de la Escuela Reformatoria, que dirige el
1576 2695 2006 2748 profesor señor esorana.
1412 2776 2236 2835 Lástima que sea palúdico el lugar donde está insta¬
1337 2827 1427 2883 lada.
1412 2886 2239 2948 Un aplauso expresivo para la Escuela Reformato¬
1331 2940 2143 3002 ria de Mayagiiez y para sus excelentes profesores.
1809 3036 2155 3095 Una Puertorriqueña.
1030 3155 1459 3208 Ayuntamiento de Madrid
1403 781 2298 846 Viven contentos y felices, jugando a sus horas, cuando
1385 835 2292 900 se han portado bien; y los de mejor conducta, asisten al
1385 889 2292 951 cinematógrafo instalado en el mismo establecimiento
1391 943 2286 1005 como medio de estímulo y premio, a fin de evitar el cas¬
1391 999 2251 1061 tigo medida sabia y prudentísima que aplaudimos.
1456 1068 2289 1127 Allí hay instalados varios talleres donde los niños,
1385 1122 2286 1181 aprenden a trabajar. Nos dicen que los trabajos de za¬
1388 1179 2054 1232 patería son muy notables y así las demás.
1456 1241 2280 1303 Tienen una magnífica banda de música. Los tru¬
1385 1295 2286 1357 bajos escolares son limpios y correctos. Hay algunos
1382 1352 2283 1411 niños que escriben prosa y versos muy aceptables; lo
1382 1408 2277 1464 que demuestra la inteligencia del puertorriqueño que se
1382 1459 2277 1515 manifiesta, aun hasta en los nacidos y criados en el lega¬
1373 1510 1555 1563 mo social.
1450 1582 2286 1641 A los que sobresalen por su excelente conducta, se
1376 1632 2283 1691 les deja bastante libres para ir á la ciudad y pasar días
1373 1683 2277 1745 con sus familiares. Todos, parece, aman a su director
1379 1743 2280 1802 y profesores, pues acuden, cuando los llaman, sonrientes.
1370 1791 1597 1850 y satisfechos.
