2479 3508
982 429 1507 491 HERALDO DE LA MUJER.
459 543 1056 605 ELLA WHEELER WILCON
1352 543 2042 602 LA SINFONIA DE LAS FLORES
528 650 1012 715 Continuación de la página 6
304 710 1209 787 do en las tinieblas y ostentas cicatrices de heridas en la
307 758 1206 831 sombra e comprendo peregrino! rambien yo le
316 802 462 861 millado.
385 865 1203 936 Preguntas rebelde y lloroso mientras las horas
304 904 1203 975 rientes pagan en silencio; Nadie contesta tu por mue¬
304 949 1206 1026 cuando los estrelas empalideren se boran mirandote
313 996 414 1052 velar;
382 1047 1206 1121 Todos esos interrogantes los contesta la poetisa con¬
307 1092 1018 1163 ma ratuna de iluminación en la estrota imal.
462 1191 892 1261 Y too, have questioned so,
417 1238 832 1300 Bue no los TER.
420 1286 1053 1354 To oil, to strive to err to erra to grov.
423 1328 1155 1402 To love honen al inatis te pay to no¬
382 1429 1209 1503 Alcanzaremos la sabiduría, conoceremos el porqué
298 1471 1200 1548 de tantos enemos, después de tantas luchas de grandes
298 1519 1197 1596 rores lavados con lágrimas, si el amor mos gula traves
304 1567 444 1623 de todo.
379 1626 1194 1697 En las estrofas The Queen Last Ride el hábito
304 1668 1197 1742 espiritual se insinta de una manera eleme la Reina
304 1713 1194 1790 Victoria va a alejare de las cortes de la tierra, La con¬
304 1764 1197 1841 mañarán por lina ver reves princines, caballeros, y
301 1809 1197 1879 multita de sus vacios para silencios dejando
301 1856 1200 1927 atrás la inquietud del mundo en sereta busca de un
298 1901 561 1960 metico ideal.
373 1970 1197 2032 Hacia qué finalidad va la reina silenciosa ¡Ya
295 2009 1197 2079 la ha prendido en el alma de su pueblo que se une por¬
298 2056 1197 2124 el gran dolor de su partida y esa ención inspirada
292 2104 1191 2169 en su amor será el génesis de tantoraciones benefi¬
301 2149 373 2202 as.
364 2209 1197 2271 Los que deseen reconocer la alta belleza de los ver¬
292 2253 1188 2315 sos de esta poetia, deben leer en libro Puenas selec-
298 2301 1191 2363 tos. En el encontrarán serenos rios de luz donde re¬
295 2346 1197 2411 frescarán sus almas como vo vivinone la mía en la sla de
298 2394 1203 2456 ma viera casa de nueva Yon cuado los veros de la
301 2438 1197 2503 ester me acompañaron una tarde volviendome a la
292 2489 528 2545 esperana.
824 2546 1119 2599 Concha Meléndez.
1325 638 2149 703 Rimbaud, el poeta nervioso y espiritual, en un so¬
1247 686 2143 748 neto celebre, nos he motar que no sabemos por que
1247 731 2074 796 millagro de esterica cada vercial tiene un corazón.
1325 779 2146 840 Cone el interesente romancita de Lanchar en
1247 823 2137 885 su alequin drama lleno de entimiento, coloro en es¬
1247 868 2137 933 cena un dios que daba a cada dor un mombre de un in¬
1250 913 1409 969 fumento.
1319 964 2143 1023 La rosa roja, era una trompa épica: el clavel, un
1250 1008 2146 1070 facote la violeta una hanta el rio blanco, un hara
1241 1053 1642 1112 moniosa y colca.
1319 1101 2146 1163 Ejecutaron una fantasía, y podemos afirmar que las
1244 1146 2137 1208 dores son sonoras pues al vernos en un jarin dorido.
1244 1191 2140 1252 tenemos la sugestión olimpia de escuchar una extraña
1241 1235 1564 1294 siona de ellas.
1319 1289 2137 1351 DAnuncio, el fúlgido genio de talia, oía en nues¬
1247 1337 2137 1396 tros campos, un rumor fecundo de sarias acendentes y
1247 1385 2140 1441 el brotar sonoroso de los renuevos las dores emiten
1244 1429 2140 1485 las potas alegres de la Crección y comprenden en su mu¬
1241 1474 2137 1533 Hermia esplendida la protentonia panteista de natura¬
1247 1525 1513 1578 lera engalanada.
1319 1567 2137 1623 Hay rosas y camelias blancas que hacen dormir so¬
1241 1614 1955 1673 ñando con hadas abas cubiertas de nieve..
1277 1653 2143 1715 Hay madreselvas bizarras esteladas que entonan cinti¬
1244 1707 1495 1760 cos de himenes.
1319 1758 2137 1820 Hay violetas tristes como los nocturnos de Chopin,
1247 1809 1561 1859 y las guelas rales.
1313 1850 2137 1906 Hay nentrares fotantes que musican en su lángui¬
1244 1898 2065 1954 la blancura los suspiros tristes de su desolación.
1319 1940 2134 1999 Y nuestras rientes primaveras cuando la tierra pa¬
1241 1988 2140 2044 rece una bacanal de corolas rosaceas o pojas como labios
1241 2035 2134 2088 que losan, nacaradas como carne nevadas como sueños
1236 2080 2131 2133 de viven, que esplenden ricos de saria, de vigor y de vi¬
1236 2128 2134 2184 da senciando el estridor poltono de un canto domisiaco,
1238 2176 1830 2226 o de una maria triunfal y física.
1313 2218 2137 2271 Y horigueando en un vaso de cristal alongado co¬
1236 2265 2134 2318 mo un plumón de ciene en el silencio de una alcola aban¬
1238 2310 2131 2366 onada, están los claveles pios desprendiendo sus pa¬
1241 2358 2131 2411 los perfumados en una agonia lenta que recuerdan el aria
1236 2400 2128 2456 tiste de una doliente halada que rememora un ser mu¬
1236 2450 2128 2500 ente, que se hala lejos y el que tal vez no vuela
1230 2498 1394 2548 más.
1433 2552 1722 2605 (Del Portuqués.
367 2889 1188 2945 Un economista que ha tenido ocasión de compulsar.
283 2934 1188 2993 las planilas de gastos de la dotila de Cristobal Colón,
286 2979 1194 3038 la encontrado los siguientes ciras que son, sin duda al
283 3030 626 3083 guna, muy curiosas
289 2692 988 2751 EL SALARIO DE LOS MARINOS
477 2767 1191 2826 DESCUBRIDORES DE AMERICA
1301 2692 2128 2742 Los marineros, según su categoría, recibían de 10
1233 2740 2137 2793 a la francos go por mes además de la manutención. Los
1236 2785 2134 2838 capitanes de carabela so francos, y Colón, con su grado
1233 2833 2095 2883 de Almirante, disfrutaba de un sucido anual de 1900.
1301 2889 2134 2945 En verdad que todos ellos no son muy subidos que
1236 2937 2134 2990 digamos en relación con el descubrimiento, pero hay que¬
1230 2982 2134 3035 tener en cuenta el valor de la plata en el sielo y con¬
1230 3030 1636 3083 respecto á nuestros días.
1027 3149 1456 3202 Ayuntamiento de Madrid
