2479 3508
1024 393 1579 446 HERALDO DE LA MUJER.
609 510 710 569 a
985 564 1627 625 NUNDIL
376 707 776 766 El General Woode
450 770 1274 834 El amigo del corronel Roosevelt tiene muchos parti¬
379 814 1230 882 darios para levarlo a la Presidencia de la República.
453 862 1274 924 Los hombres que forman el Conte de partido ne¬
382 910 1274 972 publicano Nacional, se agitan en en favor. Los progre¬
379 949 1274 1017 estas cren que con ser el vetorioso, mug, de Con¬
373 996 985 1061 piente esta al rente de la campaña.
779 1053 877 1109 NAN
370 1107 868 1169 Harding, Londen y Mies
1328 719 2227 781 poseían alma e inteligencia no eran mercancía, y no
1325 764 2074 823 podía hacerse de ellos el objeto de un contrato.
1364 808 2224 873 En ejembre s de 1919 se levo en la Camara francesa
1325 850 2224 918 ma declaración de sa puntados de la restituida Al.
1325 898 2218 963 sacia y Lorena, de los lesitimos herederos de los protes¬
1322 946 1630 1002 tantes de purdeos.
1391 990 2227 1055 Después de cerca de 50 años, una gran injusticia
1313 1035 1543 1094 fué reparada.
1716 1080 1818 1133 FIN
450 1173 1271 1246 Los miembros republicanos del Congreso de Ohio,
373 1220 1268 1291 presentan la candidatura del Senador marine de olio,
379 1262 1268 1336 para Presidente de los Estados Unidos y la eñadianta¬
373 1307 1268 1378 del soberador Loven es dirigida por el secretario de
370 1352 1268 1429 Estado de minos. L. L. Emercen, y D. E. Hamon.
370 1399 1200 1470 Presidente de la Camara de Delevados de minos.
444 1444 1262 1515 Despues de una Lovien es el que tene más sin¬
370 1495 1027 1560 patizadores y en tercer lugar. Harding.
441 1534 1268 1611 Tambien, el senador Miles E. Pondeister es uno de
364 1582 1259 1655 los aspirantes a la Presidencia, por el partido Republica¬
364 1626 1253 1703 po. Al frente de la campana eguna millam A. or¬
367 1677 1059 1742 que fué secretario del goberador uniman.
761 1752 865 1808 N
361 1785 629 1838 Desde París
435 1844 1262 1918 El Vicario de Nuestra Señora de Avenieres que está
361 1892 1268 1963 al frente de una ielosia cerca de Caral, al recibir la
364 1934 1256 2014 Carta pastoral del Cardenal Amete arronspo de París,
361 1985 1259 2056 en que protesta de la manera de vestir las mujeres, la
355 2029 1253 2100 cionado un airo en la helosia que atre las peregina¬
358 2071 677 2133 ciones quiendo se¬
429 2110 1256 2190 sa prolibe entrar en esta lelesia á las mujeres
355 2170 1140 2238 que nen trajes descotados y faldas muy corta.
755 2226 853 2279 NAS
1394 1202 2221 1276 hat Government by the People, of the People and¬
1316 1253 2063 1318 for te Pemple may por perial fron le parta.
1391 1304 2215 1366 Estas fueron las palabras que dio Lincon en el
1316 1349 2134 1414 campamento de Cetura, cuando la guerra civil.
1391 1394 2215 1461 Socialistas polierilistas coministas, I. F. F.
1316 1441 2212 1506 y otras cien inquencios sinestras están embrando la
1310 1483 2212 1551 discoria y el descontento en su esfuerzo de echar abajo
1310 1534 2209 1593 los gobiernos agitadores se ocupan abiertamente de cen¬
1313 1579 1877 1638 sura a toda ánforidad constituida.
1385 1623 2212 1685 El espirito revolucionario tiende a pervertir al mun¬
1310 1671 2215 1733 do entero Y es en tales tiemos como estos que deben
1301 1713 2227 1778 escucharse las sanas palabras y los sabios consejos de
1307 1761 2218 1826 hombres de Estado tan sobrealientes, de patriotas tan
1307 1806 2203 1870 tenidos como Roosevel Lincon y lasinton hom¬
1301 1853 1839 1912 bres que hcieron en leal trabajo.
1376 1898 2197 1963 Los hombres pensadores, en tiempos como estos, de¬
1301 1946 2200 2011 ben refrecar sus memorias con las palabras y los con¬
1304 1994 1725 2050 ejos de esos grandes jeres.
1373 2035 2206 2103 Los Averoe Wilson y Lincola nada hay que pueda
1295 2080 2203 2148 compararse a las inmortales palabras de este último en¬
1295 2128 2200 2196 su proclama de la Emancipación. y te people. or
1298 2176 1758 2235 te People, por le people.
352 2280 746 2339 Después de 4 años
426 2343 1256 2411 En la Asamblea Nacional de Burdeos, el 27 de fe-
355 2391 1250 2459 brero de 18ril, los pintados de Algacia nicieron una
355 2435 1250 2500 amosa delanción en que proclamaban para siempre
346 2480 1253 2548 inviotables los derenos de alacianos y lorenose a con¬
349 2525 1143 2590 tinar siendo miembros de la Nación franos.
432 2570 1244 2641 Y inaron por ellos mismos y sus descendientes
349 2612 1247 2686 relamar se derecho eternamente por todos los medios
346 2662 1015 2727 contra cada mo y todos los suradores.
417 2710 1241 2775 En maro 1o. de 18ra, los Diputados de Aleci¬
346 2755 1247 2823 Lorena al ser concerados en alemanes contra su volun¬
340 2800 1238 2868 tad Micieron como franceses la famosa protosa de por¬
343 2844 1241 2912 cos, desgrandos que era mulo enino se liciera pera
340 2895 1000 2957 disponer de ellos sin su consentimiento.
417 2940 1247 3008 En febrero 18 de 19na en el Recistas alemín, el
340 2985 1247 3053 patado Eduardo mencen declaro que ciudadanos que
1689 2238 1797 2294 N
1283 2292 1758 2354 Doctor deorge Brandes
1367 2361 2194 2423 El celebrado autor Danés tiene más de 70 años.
1289 2406 2197 2471 Pero es tan activo, como un hombre, joven. Podría
1292 2453 2200 2515 llegar á centenario. Un cerebro insible alorado en
1289 2498 2197 2560 n cuerpo del Es un pensador cosmopita empe¬
1292 2546 2185 2608 en inglés frances, alemín, y danes con la misma ta¬
1295 2591 1415 2644 ciudad.
1361 2638 2191 2697 Brandes es un iconoclasta, un radical que no se
1289 2680 2191 2742 conforma con lo existente y que dice con más frecuen¬
1283 2725 2188 2790 la Ne que sa. El mostro de muelas cabezas po¬
1292 2776 2188 2835 tiene mensares para el Fué el primer ertico europeo
1286 2824 2039 2880 que hizo un juicio esacto de muen y Netrele.
1355 2865 2191 2927 La opinión de prandes sobre las Himer es la
1283 2910 2185 2972 siguiente magner será oludado cuando el nombre
1280 2958 2182 3017 de Himer estará en la boca de todo el mundo. El
1277 3003 2188 3068 real nombre de Himer era Solan Ratar sumido.
1027 3155 1456 3205 Ayuntamiento de Madrid
1313 1146 2012 1208 Las inmortales palabras de Lincol¬
