2479 3508
994 435 1513 494 HERALDO DE LA MUJER.
301 1773 1197 1838 que era un pobre y hambriento maestro de escuela en
301 1814 1200 1882 perina y en inas de puesto preso por el gobierno pru¬
292 1862 1194 1927 simo. Este anarquista intelectual cas minista, por¬
298 1910 1194 1975 que era de la resistencia revolucionaria de Batoumine.
295 1952 1200 2020 la sido la fuera más poderosa de Europa, la po¬
292 2000 1185 2065 festa de prandes se cumple. No hay sino fiarle aten¬
295 2044 1194 2112 ción en lo que están haciendo los ponerlis rusos. No
292 2092 1188 2157 ha sido Netrele, sino mirmer el real motor, el que ha¬
292 2137 1194 2202 dado fuera a la revolución contemporanes. Himer
292 2185 1185 2250 siempre se mostro opuesto a la real hadición de pose¬
295 2232 1185 2294 into y Poltor, en cuanto á su sentimenta fratemi¬
283 2274 513 2330 dad humana.
361 2325 1191 2387 Siempre la vieja falacia de Roussean Predicó
286 2370 1185 2432 el fero individualismo, repudio a Netrele violentamen¬
289 2418 1182 2480 te, y en anisteritico individualismo. Rección de in¬
289 2462 1185 2524 licinasmo. La lección de la guerra no será perida.
292 2504 1191 2572 Ni las enseñanas de meron. Domes de la presente
280 2552 1185 2617 supresión del individo, el pendulo seguramente se in¬
283 2597 1185 2662 clinará del socialismo tiramigo a la más grande libertad
283 2647 525 2700 del imitido.
358 2692 1176 2754 Brandes es el descubrirdor de lasen. Nietache y
274 2737 1188 2799 sombers. prandes fué el hombre más oiado en el
280 2782 1179 2844 Norte de esa a 1996. Los periódicos alemanes lo nta¬
283 2830 1173 2892 caron con milia y hoy es prandes tenido como un repe¬
277 2874 1176 2933 cionario por los pojos prandes ha sido en el siglo lo
277 2922 1179 2981 lo que Sante Benve en el siglo in. Sera para las frtu¬
280 2967 1176 3026 ras generaciones el prtorio de enticas cosopolitas.
277 3015 1176 3074 Como humanista, la mente de prandes es color de acero.
480 528 1077 590 FLOR MUJER. POESIA
809 620 1155 679 Por Afranio Peicoto.
394 668 1212 739 En Nápoles, por Posilippo. Piedegrotta y Pozmoli,
319 710 1218 781 entre la gente del pueblo procuraba vo siempre con una
319 761 1224 826 obesión estrana, a las primas de gramela, Tantas co¬
319 802 1221 870 no en ellas vela mulas melas con su hermosa.
316 850 1218 918 fa morena, los bellos cabelos negros encaracolados, el
319 895 1218 963 busto en bión dembrochando en mujer los pies des¬
319 943 997 1008 dos andrajos a veces, pidiendo limosa.
397 990 1212 1055 Un día delante de las poeticas ruinas del bello
322 1029 1206 1100 Palacio por ama, en un paso que yo seguia, una me¬
310 1077 1212 1145 estenio la mano, inocentemente sin contisión ni ena
316 1125 1212 1193 de humidad, riendo con sus mendos dientecitos blancos
310 1173 1065 1235 que aliotraban su boca fresca como una pea¬
394 1214 997 1282 un suelo señor para comer.
391 1262 1089 1327 Nunca habla visto una mendiga más inda.
382 1307 1206 1375 En lo que introducta la mano en el bolsillo, la mi¬
307 1355 1200 1420 ma y admiraba reconociendo en ella una hija de pes¬
307 1397 1203 1464 cios como la que amara Lamarine comprendo
307 1450 1206 1509 y encantando a todos los lectores, el más hermoso p¬
307 1495 844 1551 mante de amor que se la egrito.
379 1540 1197 1605 Dde una moneda de plata. Recibióla con ojos es¬
304 1588 1206 1650 prestos entre sorprendidos y fences demostrincome su
304 1629 1194 1694 agradecimiento, Marnose por la ladera abajo en diree¬
304 1674 573 1730 ción de Chara.
1236 1785 2134 1844 Dúctil como un hierro candente, se desborda como la
1244 1832 2131 1891 lara de un volcán en erupción, pero siempre es de nero,
1236 1877 2134 1936 constantemente en lucha y se muestra brillante y licida,
1244 1922 2134 1978 lo mismo, cuando escribe sobre setaspeare que sobre las:
1233 1970 1328 2023 sale.
1310 2023 2131 2076 Ardiente sostenedor de Taine y de la psicología de
1236 2065 2125 2118 la raza prandes sostiene que la nica perona de propre¬
1230 2113 2125 2169 o está en el nivino y no en el pueblo. El esta ente
1236 2158 2122 2217 ramente por la pscoloria del indivino, como Carible,
1230 2206 1836 2259 tiene culto por los grandes hombres.
1301 2259 2125 2315 Su motto es: "Benditos sean los altivos de espiritu¬
1238 2301 1895 2357 porque de ellos será el reino de la tierra
1265 2364 2119 2420 Con su ironía hebrea entierra su aguijón en la carne¬
1233 2412 2125 2465 vina a la espiritual neeligencia de pinamarca. Su vida
1230 2453 2119 2512 ne poco agradable en la universidad de Conerlace.
1230 2501 2119 2560 pero el tenía su vista fia en la generación del porvenir.
1224 2549 2119 2602 El santa que se desperdicia tinta cumno se escribe
1227 2597 1794 2653 para las clases llenas de prejuicios.
1301 2653 2119 2709 Brandes se volvió una figura nacional cuando fué
1224 2701 2119 2754 reconocido como el crítico del mundo. No tan palido
1218 2746 2116 2799 escritor como Sainte perre, ni poseedor de una inteli¬
1224 2797 2122 2847 gencia sintica como la de Hiponto Taine, pero de los
1218 2836 2116 2892 es prudes es el hombre de mente más ancia. Agi¬
1218 2883 2116 2936 tado, como lo fue por la guerra, fué bastante floro pa¬
1218 2931 2119 2984 ra sumergire en las profundidades del trabajo. Ha
1224 2976 2116 3029 terminado dos estudios con tenas tan distintos como
1221 3024 1525 3077 oste y volaire.
1032 3149 1459 3202 Ayuntamiento de Madrid
1337 540 2161 602 Continué mi paseo entre el cielo y el mar de una
1259 584 2152 649 tiera en dor, y se apodero de mi un embelecimiento de
1256 629 2155 694 tos que el paisaje justinca. Ver Núpoles y depe¬
1262 677 1797 739 morir. o mur en Nole.
1331 737 2155 796 A la vuelta, por el mismo sitio, de una pobre casa
1262 781 2146 840 salio al encuentro la mendiga. No la conocia al primer
1253 826 2146 888 momento Riente me daba los gracias por mi olcano.
1328 883 2155 942 Tenía ahora los cabellos lindamente peinados, y en
1253 928 2143 987 ellos ardía, un clavel rojo viro. Con ese adorno, su her¬
1256 976 2155 1032 mosura era una maravilla. Por lo demís, el busto en
1253 1020 2152 1079 ñor la mujer que a se presenta, se destacaba de sus
1256 1068 1734 1124 adiarios y sus pies desazos.
1334 1125 2149 1184 Quede encantado y sorpreso. Comprendí, y por¬
1250 1173 2146 1229 eso le pregunte si habia comido con ingenidad y en
1241 1217 2146 1276 a empresto duleto me emplir que como yo le den
1247 1262 2143 1321 ma lira se apresuro a comprar aquel clavel Y al decir¬
1250 1307 2140 1366 esto se rela más feliz que si se hubiera abastecido de mu¬
1247 1355 2143 1414 arrones. Die posicamente con que comer, o mejor¬
1250 1402 1919 1458 con que compar otros hermosos clavelos.
1322 1453 2143 1503 ¡Que tarde bella Me marene desendiendo por la
1241 1486 1701 1551 entrada nueva de Posilimpo.
1322 1549 2140 1605 Tierra divina de luz, de calor, de poesía, de encan¬
1238 1594 2131 1650 tadora impresidencia. Sero divino de belleza, de en¬
1244 1641 1836 1694 canto de amor de deliciosa alegria!
1322 1689 2086 1745 pendita seas tierra hermosísima de tala.
