2479 3508
961 426 1489 479 HERALDO DE LA MUJER.
806 534 1686 587 SECCION CIENTIFICA.
409 841 1230 891 Sobre este tema tan admirable se ha escrito mucho,
340 886 934 942 y todo maravillosamente interesante.
409 928 1230 981 Recientemente la magnifica revista inglesa Scientia
334 973 1233 1029 ha publicado sobre la engrato momen un admirable es¬
334 1020 1200 1073 tudio de ser quer Losos que publica LAstronomi
420 1065 1233 1118 Al oncerar un pedro de metal o algunos gramos
337 1113 1053 1166 de sal, se crería, ver la imagen de la calma.
412 1158 1236 1211 sin embargo, la época presente ha revelado el se¬
331 1205 1241 1255 geto inspechalo por la humanidad, durante todos los
340 1247 1236 1306 selos de so sustencia, de que los alomos mas orama¬
340 1298 1236 1348 rios de materia, encieran una prisios energía, me¬
346 1346 1009 1399 poderosa que la que posee los esposos.
417 1388 1236 1441 Es la radio actividad la que la puesto de manifesto
343 1435 1173 1488 este admirable secreto, la racionetividad espontánes.
376 1480 1238 1533 jamás habíamos podido soñar que el atomo que reta¬
340 1525 1238 1578 mos inerte retuviera en el fuerzas latentes suscentiles
340 1573 1236 1626 de desarrollare con la más entrema violencia y de engen¬
343 1617 1238 1670 tar velosidades provisiones comparables tan sio á
343 1662 1247 1718 las que nos dan los volcanes los fuentes calma y los
337 1710 821 1763 fuertes movimientos siemicos.
420 1752 1238 1808 Casi todos los átomos de materia pueden emitir par¬
340 1800 1241 1853 tenlos animadas de esa realidad orprendente. Pero
340 1844 1241 1897 en la mayor parte de las substancias esta emisión solo
346 1886 1238 1942 tiene lugar cuando se le aplican ciertos estimilantes, co¬
340 1940 922 1993 mo el entor la luz, o la electiciana.
414 1982 1247 2035 Pero existen otras substancias que contienen tomos,
340 2026 1238 2079 de más complia naturaleza, que reccionan espontánea¬
340 2074 1238 2130 mente lamano no solamente partículos elestricas, sino
349 2119 1241 2178 prciones de ellos mismos conteniendo otros domos de
343 2167 483 2223 materia.
417 2209 1241 2265 Estos provectiles atómicos son formados casi siem¬
349 2259 1247 2321 pre de henun substancia totamente deconocida hasta
340 2304 1241 2360 muestros dos: la cual la sido desabierta en el sol por¬
346 2349 1209 2405 Lolver y en las fuentes calicas de pata, por mangar.
429 2397 1247 2450 ambien el espectroscono ha probado que el helu¬
343 2438 1244 2494 esta en el arre que regramos y algunos creen que pron¬
349 2489 1021 2545 to para aplicarse a la naveración arre.
417 2531 1247 2587 El tono de radiun suele emitir de tiempo en tiem¬
352 2576 1241 2641 po espontáneamente atomos de heluma y esta substan¬
349 2621 1244 2683 ina poderosa sería capaz de trasportar un motor de
346 2674 1098 2727 Lones Ner en en un cuarto de segundo.
420 2716 1250 2772 Las emplosiones del radiun son muy raras, a veces,
352 2758 1247 2817 se producen con el intervalo de un siglo pero cuando
985 623 1522 673 LA MATERIA VIBRA
1277 671 2179 733 comparada con la de una bala de fusil, aumentada un
1274 728 1537 781 millon de ves.
1349 758 2179 829 ¡Qué poderosos medios de trasporte y de experi¬
1271 808 2179 870 mentación poseerá el hombre cuando pueda disponer de
1271 847 2170 918 esas substancias tan energicas en cantidad eficiente pa¬
1277 910 1552 966 ra su aplicción
1358 952 2173 1023 Y no es el radium el único que posee estas pro¬
1280 999 2179 1076 piedades. Se vienen descubriendo otras substancias ani¬
1283 1047 2176 1118 losas, que estan en estudio. No hay energía compa¬
1277 1095 2140 1163 ble con la que desarrolla la materia al parecer inerte.
1352 1155 1725 1208 Los abios presentan:
1358 1185 2182 1258 Cual debe ser la causa de esta maravillosa provi¬
1277 1247 1540 1303 sión de energía?
1352 1277 2185 1348 Los unos la consideran estática o potencial de su
1277 1325 2119 1396 naturaleza y la comparan á la del algodon polvora.
1358 1367 2179 1441 otros la comparan a la de la revolución de los pla¬
1277 1423 2000 1488 neta. Esto es lo que parece más versimil.
1355 1459 2185 1533 Auque se viene comprobando que la energía mole¬
1283 1507 2185 1581 cular y química, a veces se encuentra interceptada por¬
1292 1555 2185 1632 partemos electricas que producen perupciones en la
1292 1597 2182 1676 primera imprimiendole un movimiento tengencial come¬
1283 1644 2110 1718 tario en ver de conservar su movimiento lanetio.
1355 1689 2188 1763 Todo este vibramiento prodicioso de la materia nos
1286 1734 2182 1811 hace suponer que el hombre derritara de su estudio mu¬
1286 1782 2182 1856 las nuevas invenciones que darán poderoso impulso al
1286 1844 1716 1903 poeres de la humanidad.
1358 1871 2188 1951 Las partículas y energía electrica son más dociles
1286 1919 2188 1999 al impulso que le de la inteligencia del hombre, y por su
1286 1967 2191 2044 medio ha sido posible la fasmisión del pensamiento
1286 2015 2194 2088 humano por el elegrato sin hillo; pero el estudio de la
1289 2062 2191 2133 enereía molecular promete maravillas sorprendentes.
1283 2104 2188 2178 cuyo desarrollo solo es cuestión de tiempo, la Ciencia
1283 2152 2146 2226 marcha imperterita a la conquista de lo desconocido.
1358 2218 2188 2282 Los secretos de Natura tienen que ser revelados.
1286 2259 2203 2330 El hombre necesita de las conquistas de la Ciencia para
1289 2307 2197 2375 muer realizar en adelanto progrestro en el tiempo y en
1292 2355 2185 2426 la eternidad de su existir pstumico a traves del infinito.
1689 2415 1794 2465 de
1334 2480 2143 2545 PROPIEDAD INTOXICANTE DE LOS
1624 2543 1845 2602 HUEVOS
331 689 1236 745 LO INFINTTAMENTE GRANDE Y LO INEI.
507 752 1068 805 NITAMENTE PEOUENO
1032 3152 1453 3205 Ayuntamiento de Madrid
1361 2650 2200 2712 Hace algún tiempo se hicieron en Francia algunos
1289 2698 2197 2760 experimentos con las venas de los huevos de galina y de
1289 2743 2191 2808 tortuna, y e enconto que encierran substancias que in¬
1298 2791 2197 2856 vectadas nimodericamente en las venas, determinan¬
1298 2833 2188 2900 prontamente la muerte por intosicación aguda del se¬
1292 2889 1650 2945 tema nervino entra.
1367 2928 2197 2990 La vema del huevo de gallina no es tan tórica como
1289 2976 2197 3038 la de tortura. En esta aún la clara alaminos, es tonica
1286 3027 1940 3083 as mismo introduciendola en las venas.
