2479 3508
949 393 1489 455 HERALDO DE LA MUJER.
880 543 1537 614 SULAL
325 746 1185 814 Es hermoso, y es nuncio de halagadoras
280 790 1179 855 promesas, ver a la mujer sacudir ese maras.
280 838 955 900 mo que la intiliza, que la enerva.
322 880 1185 945 Añora, por fin la vemos, en la Logia Teo¬
271 925 1185 993 sofica, en las Asambleas Masónicas, en el
274 970 1164 1035 atenco, ocupandose de lo espiritual e inte-
274 1017 420 1073 lectual.
331 1062 1173 1133 Pero, fenómeno bien raro; por lo general,
274 1104 1182 1175 esas mujeres que parecen querer marchar
277 1158 1176 1220 por el sendero luminoso de las ideas mo¬
277 1199 1179 1267 dernas, no son ni han sido alumnas de la
280 1244 537 1300 Universidad.
316 1289 1176 1357 Estas permanecen alejadas de todo ese
268 1331 1176 1402 movimiento progresivo, a pesar de ser las
271 1376 1179 1447 que más han estudiado y las que debían de
268 1423 1173 1491 dar en primer termino, la ora algida de la
265 1468 1086 1536 intelectualidad femenina puertorriqueña.
319 1516 1176 1581 Hay sus honrosas excepciones, pero con
274 1561 492 1617 tan pocas.
268 1623 462 1682 ATENEO.
310 1683 1167 1754 Se nos dice que uno de nuestros intelec-
265 1731 1173 1802 tuales dió una conterriencia filosónica sobre el
265 1779 552 1838 alma humana.
313 1826 1170 1891 Tema peliagudo es ése; pues de lo que es
265 1871 1173 1939 el alma de su origen y porvenir, solo se sabe¬
259 1916 761 1978 que el hombre nada abe.
316 1961 1167 2026 Muchos han visto una pequeñísima luz de
265 2006 1164 2070 color violaceo, pero quién ha prido estu¬
256 2047 1074 2115 diar ni analizar la estructura de esa luz;
256 2095 1077 2163 la vida del hombre misterio insondable.
259 2140 1158 2205 que somos, de donde venimos y a donde va¬
256 2185 1164 2256 mos, nadie lo sabe. misterio. misterio
265 2232 480 2291 eterno.
259 2304 883 2363 ASAMBLEA MASONICA EN YAUCO.
304 2364 1164 2426 Esplendida quedó la gran asamblca cele¬
259 2406 1161 2474 brada últimamente en Vanco, á la que asis¬
262 2450 1161 2521 feron muchas señoras de Mavagier y de
256 2498 1155 2563 otras partes. Siempre la masonería labo¬
256 2546 1155 2611 rando por moralizar la sociedad. Es notable
250 2588 1116 2656 esa sociedad por su altruismo y tolerancia:
250 2668 773 2733 ANUESTROS SUESCRITORES.
253 2824 1155 2889 su poder, para atender a los gastos de im-
253 2874 868 2930 presión que hoy son excesivos:
247 2934 916 2999 —ARRIO OBRERO EN AGUADILLA,
238 3039 1170 3106 satisfacción al contemplar su barrio obrero,
274 677 686 739 ALDOREAR FECUNDO.
298 2728 1161 2796 Les suplicamos encarecidamente, nos en-
253 2776 1161 2841 vien el importe de los recibos que tienen en
1224 695 2128 766 con sus bellas casitas llenas de confort rela¬
1233 743 2131 811 tivo, y al pensar que ahora, al menos, esos
1233 787 2134 855 desheredados de la fortuna, vivirán como
1227 838 1901 897 personas y no como vivían antes.
1265 877 2128 945 Todas las poblaciones de la isla debían
1224 922 2128 990 esforzarse por fomentar su barrio obrero:
1224 967 2128 1035 bien promoviendo veladas o tombolas, o de
1227 1014 2128 1079 cualquier otro modo a fin de reunir dinero
1230 1056 2119 1127 poco a poco con ese objeto tan necesario y
1224 1101 1403 1157 humano.
1283 1170 1916 1238 OLETIN HISTORICO DE PTO, RICO.
1265 1229 2125 1294 Interesantísima, como siempre, hemos re¬
1221 1277 2125 1342 cibido esta interesante publicación, que tanto
1218 1319 1985 1387 debe interesara todo puertorriqueño.
1224 1379 1764 1441 CRTILLA PRIMARIA.
1259 1441 2119 1506 La profesora Srta. Encarnación Alisea,
1215 1486 2122 1548 de Humacado, ha escrito una carila para
1221 1531 2125 1593 enseñar y leer y habiéndose hecho cargo de
1221 1576 2113 1638 una escuela nocturna, ha enseñado á ler y
1215 1617 2122 1682 escribir en co noches, a as hombres, lo que
1215 1665 1880 1727 demuestra la eficacia de su libro.
1259 1713 1570 1769 La felicitamos.
1212 1767 1794 1832 DISCURSO NOTABLE.
1259 1823 2113 1894 Lo es por muchos conceptos el pronun¬
1212 1871 2119 1939 ciado por nuestro distinguido amigo, el Ledo.
1218 1916 2107 1984 Huve, en una reunión de Los venes cris¬
1215 1967 1991 2032 tianos, y que ha publicado El Mundo.
1200 2704 2095 2766 nuestra compatriota en Ponce. Nuestra fe-
1203 2752 1388 2805 licitación.
1203 2815 1892 2877 FLIPINAS YSUS MUJERES.
1250 2874 2101 2933 Ya las malavas filipinas son personas; ya
1194 2916 1815 2978 ejercieron el derecho de votar.
1842 2922 2104 2981 y no se les
1200 2967 2107 3020 podrá considerar más nunca, án cero a la
292 2994 2095 3065 Sienten todos los aguadillanos una gran aquierda, esmo á las pobres puertorrique¬
1197 3056 2104 3118 ñas, ÚTIMA PALABRA DEL CREDO:
1253 2009 2113 2076 Palabras hermosas, dirigidas a la juventud
1224 2053 2113 2121 puertorriqueña, que esta debía retener en su
1215 2101 2110 2166 memoria y tenerlas muy presentes, al tratar
1206 2143 2107 2211 de mirar á lo futuro, a fin de formarse un
1218 2194 2107 2259 porvenir. Eso es lo práctico, no estar pen¬
1209 2238 1642 2297 sando en muzarañas.
1206 2295 1597 2351 DRTRAVIESO.
1244 2355 2101 2417 Acaba de fallecer en Mayaguez este be¬
1209 2403 2101 2462 nemérito puertorriqueño. Reciban sus fa-
1209 2447 2104 2509 miliares nuestra condolencia, en particular
1209 2492 2104 2551 el Ledo. Travieso, hoy ausente de Puerto
1209 2537 1310 2590 Rico.
1200 2606 1665 2665 ELISA TAVAREZ.
1241 2656 2101 2721 Esplendido fué el triunfo obtenido por
1030 3161 1459 3211 Ayuntamiento de Madrid
