2479 3508
946 396 1477 449 HERALDO DE LA MUJER.
292 504 1197 563 la CENIZOSA DE LA HISTORIA, en el
301 549 1194 605 concierto de la Nación americana, que va a
307 593 1203 652 la vanguardia del progreso mundial con sus
307 641 1197 700 progresistas coloniaga Haual, Filipinas,
307 680 1200 742 Alata, Islas vivenes donde todas las mu¬
310 731 543 787 ares votan¬
355 776 1197 829 Y nosotras, mujeres puertorriqueñas,
310 820 1191 885 que COMOS No nos movemos ver¬
301 865 1194 927 la Esperamos que los hombres se mue¬
307 910 1203 966 vana y nuestros hombres no se moverán en
307 958 1206 1020 jamás de los amases su sangre mora se lo
304 1011 453 1064 impide.
355 1053 1200 1115 Pero ese concento tan deprimente en que
304 1098 1206 1157 estamos ante nuestra nación y ante el mundo
310 1140 1206 1202 entero, (me atrevere a decirlo NO EN-
310 1191 1191 1249 FOTECENIESTRO ROSTRO......
304 1238 1197 1297 No tenemos sangre en las penas......
304 1286 1203 1342 No tendrán todas esas mujeres conscientes,
307 1325 1194 1384 derecho a mirarnos con soberano desden?..
310 1367 1203 1432 ESTAS MUERTAS, MUJERES PUER.
313 1402 707 1473 ORRIQUENAS”
310 1480 1209 1539 N
313 1588 1131 1641 HOSPITAL EN PTA DE TIERRA,
358 1632 1212 1691 La glesia Católica va a construir un her¬
1241 498 1621 551 TEMELORES.
1283 543 2143 599 En la noche del 12 al 13, se sintió un tem¬
1236 584 2140 646 bor cuando el planera Marte que se nos va
1241 635 2140 691 acercando más y más en estos dias. Estaba
1241 689 1465 739 en el ceni¬
1283 722 2131 781 El día 15, ya cerca de la una de la tarde.
1244 767 2140 826 se ha sentido otro de corta duración cuando
1247 817 1749 870 Marte estaba en el nadir¬
1289 859 2140 915 Elas de este mes, el planeta rojo, que ve¬
1241 907 2140 960 mos brillar hacia el este todas las noches.
1244 952 2143 1005 estara más cerca de la rierra. Desde esa
1244 993 2149 1052 fecha empieza alejarse. Probablemente no
1247 1041 2146 1094 habra más temblores hasta octubre, después
1241 1086 2143 1139 de este mes, sinuestros calculos se confirmar.
1244 1143 1591 1193 FELICITACIONES
1319 1191 2143 1246 Nuestra Directora ha recibido valiosísimas felicita¬
1247 1238 2146 1291 ciones, ya por telegrato como por correo, de toda la isla.
1250 1283 2143 1339 por su nombramiento como miembro de la sociedad As¬
1250 1331 2146 1387 tronómica de Francia Muy reconocida queda ella por¬
1247 1382 1504 1432 esas atenciones.
1319 1423 2149 1476 As también lo está al importante colega "El Uni¬
1256 1471 1818 1521 verso, por las frases que le dedica.
1662 1567 2107 1623 Margarita del Prado.
313 1677 1200 1739 moso hospital en Puerta de Tierra, idea her¬
313 1731 818 1781 mosa, digna de aplauso.
316 1800 904 1853 LA VOZ DEL OBRERO.
355 1847 1206 1909 Agradecemos a este digno colega las pa¬
310 1898 964 1951 labras benevolas que nos dedica.
313 1967 629 2020 RETORNO.
358 2026 1209 2079 Acaban de regresar de Santo Domingo, la
304 2068 1215 2121 señora E. Valdas con sus bellas hijas Ana
310 2116 1206 2169 María y Pepita, ornato de nuestra sociedad.
322 2188 874 2241 REVISTA DE TIENDAS.
358 2232 1218 2291 En el proximo número nos proponemos
310 2280 1215 2339 informar á nuestras simpáticas lectoras de
313 2328 1215 2384 las nopedades que nuestros Comercios están
313 2373 1215 2429 encargando para la presima Feria Insular
316 2415 1206 2474 que promete quedar esplendida. Ya han em¬
322 2462 1209 2515 parcado para New Vork, Martel Angelmi de
316 2507 1209 2563 la casa Ciusta A. Lores de la de Padina y
322 2552 1212 2605 por lo pronto Schira ha importado ya los
310 2600 1218 2653 famosos sombreros age, y tiene magníficos
319 2647 779 2697 trajes Ceorpete a nu¬
358 2695 1221 2748 La que quiera parecer bella como una rosa
316 2740 1215 2793 acabada de abrir que use la crema dia,
328 2785 1032 2844 para su cunas, y vera los resulados.
364 2824 1221 2880 Se dice que las damas que vienen de la is¬
316 2874 1221 2927 la tienen el proposito de hacerse de un piano
322 2916 1218 2975 Hopara de los que tiene Sances Morales
325 2958 1224 3023 precios limitadísimos. Si lo hacen, pensarán
319 3012 632 3062 acertadamente.
1349 1710 2054 1763 EL TELESCOPIO MAS GRANDE
1543 1782 1857 1835 DEL MUNDO
1328 1901 2149 1960 Lo es el de Mr. Wilson en California. Su lente
1247 1958 2152 2014 mide 2. 50 metros de diámetro y da perfectas imágenes,
1247 2012 2116 2065 mostrando detalles de estructura del más alto interes.
1331 2068 2152 2118 Ahora se está haciendo el mapa entero del cielo, y
1247 2110 2158 2172 trabajan en el 22,000 fotógrafos. Cuando se obtiene
1247 2161 2152 2223 una fotografía se le aplica el microscopio el que va reve¬
1253 2218 2155 2274 lando la existencia de mayor número de estrellas. A
1256 2265 2155 2327 la simple vista apenas si se alcanzan a contar 5,000. Con
1256 2316 2161 2378 ese telecopio ya han podido fijarse 3,000,000, y eso que
1262 2367 2152 2432 por su latitud California no puede estudiar bien las cons-
1253 2430 1576 2482 telaciones australes.
1334 2474 2152 2533 Un telescopio como ese en Puerto Rico, revelaría
1256 2531 1865 2590 más de dos millones de estrellas más.
1331 2582 2155 2644 Aquí se disting uen a la simple vista desde el llano,
1253 2636 2155 2691 el Toucan, el Paon, el Phenir, el Altar, el Horno quí¬
1253 2683 2158 2745 mico, y la brillante Achernar con otras constelaciones.
1256 2743 1991 2799 australes que son esplendor de nuestro cielo. 4
1298 2892 2161 2951 Anúnciese en HERALDO DE LA MUJER. el
1253 2946 2161 3005 representante del valer femenino en Puerto
1027 3155 1456 3205 Ayuntamiento de Madrid
