2479 3508
958 393 1495 446 HERALDO DE LA MUJER
480 513 1012 566 PLUMAZOS
367 578 1200 640 Parece que Blasco Ibañez, como buen latino, anda¬
289 626 1194 691 extrañado, allá en los Estados, del prestigio inmenso con¬
298 674 865 733 que a la mujer muen el ameriemo.
379 722 1209 781 y se equivoca al decir que el respetar y realar a
286 767 964 829 la mujer los desenera. Esa es patraña.
334 814 1203 873 Más que alemanes, más que brillanos, más que france¬
289 859 1197 921 es más que italanos en la reciente muera han demos¬
295 907 913 966 tado ser los más fuertes americanos.
334 952 1203 1014 Lo que es aún más cierto, es que son, entre todos.
295 996 588 1052 los más humanos.
367 1056 1200 1115 Son ilustrados, son hombres recios cual los romanos,
286 1098 859 1157 de tiempos de cesar y vespasiano.
364 1158 1209 1214 No es hdalguía ser con las mujeres caballerosos
295 1199 1200 1258 muy mur de peras no de mentarillas cual en los nues¬
295 1244 385 1300 tos:
367 1301 1206 1360 Eso es muy claro, que extrañe a los latinos caso tan
292 1346 1206 1408 raro. Elos que después de los semitas han sido los gran
295 1391 779 1449 des opretores de las mujeres.
370 1444 1206 1503 Mucho de floreteo y de niña bonita, de encantadora
292 1492 1209 1551 hura del sentimo cielo y de otras mil y una palabrería.
292 1537 1203 1602 necias parandajas de tiempo viejo, mucho de cortesias,
292 1585 1203 1644 muelo de endechos, y. de justicia?.. y de de
292 1629 1203 1688 relo humano como seres pensantes?. De co, ni ha¬
292 1677 1206 1736 blando, acaso la odalisca es otra cosa mie un animal
298 1725 1209 1781 bello, sin alma, sin sentimientos y sin errebros No
295 1770 1203 1829 han sido creadas ellas, lindas esclavas, para rero del
298 1814 985 1873 hombre y ser en criadoro. As dicen ellos.
376 1874 1206 1927 Nada, que algo de turco lleva siempre en la sangre¬
295 1916 1209 1975 cada latino. Por eso se almira tanto el gran bajer.
292 1964 1203 2020 al vistar la noble tierra del hombre libre de que tu¬
298 2009 1203 2068 bien san allá las mujeres seres pensantes y lo sen
295 2056 1038 2112 todo al nivel del hombre en tierra de Lincol.
334 2101 1206 2163 Mas el mundo marella y los latinos mal que les pes,
295 2152 1209 2205 han de entrar por el aro de ser ante todo seres humanos.
1238 495 2152 551 si pretenden llamarse civilizados, y no autocratas turcos
1236 537 1480 596 micristianos.
1316 587 2146 640 Hubo en San Juan, el otro día, una algarabía feno¬
1244 635 2095 688 menal, una paracia, ente mujeres de rompe y mi¬
1280 680 2152 733 Se dice que a un adán que presto uno a separarlas.
1247 728 2152 781 por caridad le propinaron sendos moicones las de la
1247 773 2146 823 presa á las que se unieron las que pasaban, por de¬
1247 817 2152 873 fender a las compañeras y entre tuitas le miraron de
1241 865 1609 918 lo indo al acronita.
1319 910 2146 963 Disparado marchose el Don quijote, con fuertes
1247 955 2152 1011 moquetaros en el cogote diciendo muy corrido para su
1244 1002 2146 1055 que Dios nos libre, senores de esos que pesan¬
1244 1050 2143 1103 Pues no quisieron dejarme tuerto o sin barbas las mu¬
1247 1095 1406 1151 jermelas:
1322 1146 2152 1199 ¡Dios las confunda! ¡Miren si es triste cosa recibir
1244 1191 1761 1241 de mujeres tamaña tunda!..
1922 1191 2083 1243 LOTIS.
1549 1289 1854 1342 USTED
1247 1367 2152 1420 SUISCRIBASE O ANUNCIESE EN CUALOUIERA
1379 1411 2021 1467 DE LAS SIGUIENTES REVISTAS:
1250 1543 2146 1605 a Hacienda...................... 8300 al año.
1250 1588 1895 1653 muertodo.
1931 1597 2021 1650 200
1247 1632 1898 1697 El Espejo de la Moda en españo.
1247 1677 1895 1745 rue peinentor en ineles.
1928 1686 2015 1742 200
1250 1728 1901 1790 Pan american union en españo.
1928 1770 2063 1835 jo
1250 1776 1895 1838 Pan american unione en ingles.
1928 1817 2065 1879 300
1250 1823 1898 1882 amente.
1250 1868 1898 1927 aternacional Cinema rrade nevien¬
1325 1910 2074 1972 ten á idiomo!........................ 200
1250 1952 2065 2017 am Comere.... y
1250 2003 2068 2065 Teralo de la Mujer.... 190
1289 2059 1809 2112 Representante para puerto Rico.
1498 2107 1907 2160 JAME J. PATROT.
1030 3158 1465 3214 Ayuntamiento de Madrid
316 2621 322 2814 —
355 2701 2071 2757 Nosotros le ofrecemos lo mas moderno en este hamo.
1038 2842 1424 2900 VIIIENOS
570 2982 1874 3038 FERRE ERIA FILA Y
337 2390 2074 2450 LU MO Ca pala su gal
567 2564 1886 2623 ES ull puel cuuipo de COCllla
