2479 3508
880 555 1919 620 F. Sa a co¬
832 659 1940 727 San Francisco Esquina San lusto,
767 1152 1982 1214 na teorgette, Punto, afeta, combinado todo con cres¬
776 1229 1009 1288 pón aéreo.
901 1316 1982 1378 Vengan a esta casa las más bellas flores del pen¬
767 1394 1991 1458 sil riqueño, y saldrán más bellas con tan rico atrerzo.
901 928 1997 987 llegados ahora por este correo, esta casa tiene
773 996 1982 1058 un esplendido surtido de frajes preciosos de Corte Mo¬
773 1074 1973 1136 derno. Telas primorosas de Crepé de la China, etami¬
829 1611 1140 1664 San Juan,
1540 1611 1937 1673 Puerto Rico.
1958 1758 2054 1811 RIRIE
304 1916 1985 1972 bla un Aligiva, igua y al
641 2029 1621 2082 Para los Es tudiantes
355 2134 1925 2187 Español para los Americanos
650 2280 1618 2336 Por na oque de upre.
1594 2397 1991 2459 PTO. RICO
208 2400 794 2456 ARIO PEDRAS.
412 2880 1904 2942 LA
1250 3158 1442 3208 o de Madrid
