2479 3508
904 665 1361 718 PLANOS
1047 883 1749 942 VIAL
564 891 934 948 A IN
606 2020 1776 2073 Esta marca de pianos tiene ya una sólida reputación en Puerto Rico
489 2068 1761 2124 Asi lo demuestran los muchos testimonios que nos han enviado personas cono¬
495 2122 1773 2172 cedoras, y las cartas satisfactorias escritas por un gran número de poseedores
489 2170 1767 2223 de pianos "Hovara, que lo han usado por largo tiempo. Los pianos que ven¬
495 2218 1773 2271 demos en Puerto Rico son fabricados especialmente para los tropicos. El piano
519 2271 1773 2321 Hovara es popularísimo en Cuba. Artistas de fama mundial lo han elogiado.
597 2322 1773 2372 Pida usted todos los informes que desee sobre precios al contado y al
498 2367 1773 2426 plazos a "La Casa que Vende lo Mejor. Fieles a nuestro lema, vendemos el
489 2421 1773 2477 piano "Hovarde en la seguridad de dejar complacidos a los que deseen obtener
492 2588 1770 2638 Sanene morales go, ine¬
713 2683 1549 2736 LA CASA QUE VENDE LO MEIOR
1436 2779 1770 2835 MAYAGUEZ
1032 2782 1227 2832 PONCE
483 2782 776 2835 SAN IUAN
1038 3077 1444 3130 Ayuntamiento de Madrid
