2479 3508
447 511 2083 583 orosos
656 686 1919 742 L
555 835 1961 897 DE LOSEL CO.
841 1859 1674 1924 españolas, Corsets. Pañuelos,
803 1958 1719 2023 Telas finas de seda y algodón,
579 2080 1946 2148 ORTOS PARA REGALO
907 2164 1615 2220 TODO NUEVO. PRIMOROSO,
895 2212 1606 2271 TODO CHICA TODO PRECIOSO.
898 2265 1615 2318 VENGA USTED Y LO VERA.
432 2337 2092 2417 orosososeroso
695 1456 1830 1515 Artículos que se recomiendan por sí solos
420 1573 1713 1638 Traies, Faldas. Kimonas, Blusas, Batas,
1746 1585 2039 1647 Abanicos,
603 1650 1919 1706 Sombrillas. Sombreros elegantísimos. Velos
483 1722 2042 1790 para la cara. Guantes. Cintas. Encaies. Bordados,
609 1794 1919 1850 Adornos de todas clases, Camisas de hilo
483 2501 2125 2575 HERALDO DE LA MUER", es el periódico femenino por excelencia. El visita
397 2567 2128 2632 los hogares de las mujeres más cultas, y de los hombres más ilustrados. Toda puertorri¬
400 2627 2143 2691 queña debe ser suscriptora del periódico que coadava a la cultura de la mujer, y defiende
394 2683 665 2736 sus derechos.
477 2746 2125 2814 Es deber de la mujer moderna ilustrarse y vivir con su época y con su siglo. Y es¬
388 2803 1370 2862 Geber del hombre ayudarla en tan nobles empeños.
1044 3056 1450 3109 Ayuntamiento de Madrid
