2479 3508
604 845 1871 930 ILLINAS
576 1110 1812 1211 De illtie pala el ci SCA
582 1480 1997 1581 Debido al gran exito que hemos alcanzado con nuestra Pomada Cutánea
364 1531 1982 1638 ELITA en la curación de las pecas y manchas del cutis, han empezado va a lan¬
358 1585 1985 1694 zarse al mercado muchas IMITACIONES de nuestro producto con nombres más o
367 1644 1979 1754 menos sugestivos; pero en beneficio de nuestra numerosa clientela nos apresuramos
292 1704 1859 1811 a a advertirle, que no acepte bajo ningún concepto SUSTITUTOS de nuestra
543 1901 1713 2005 POada LA
352 2059 1967 2166 pues de seguro no obtendrán el resultado satisfactorio que obtienen con la nuestra.
340 2116 1961 2223 Muchas CREMAS CUTANEAS debido á los ingredientes que entran en su elabo¬
340 2176 1964 2282 ración HACEN SALIR VELLOS en el cutis, los cuales como es muy sabido afean
343 2235 982 2306 notablemente el rostro femenino.
821 2480 1468 2551 Pidala directamente
477 2704 1791 2784 JUAINA DIA DRO CO.
641 2791 1122 2859 JUANA DIAZ,
1241 2809 1618 2874 PTO. RICO
1032 3068 1459 3121 Ayuntamiento de Madrid
