2479 3508
883 1032 1483 1085 Poder americana.
683 1122 1645 1178 Permite hacer en casa pronto y fácilmente tortas, biz¬
677 1176 1573 1226 cochos, panecillos, pasteles, eto, exquisitos y sanos.
680 1223 1650 1276 pida en la bodega donde a compra una lata de RONAL.
680 1274 1567 1327 BARING PONDER y pruebe la siguiente receta:
671 710 1068 763 LEVADORA
674 814 1597 864 EN PULVO AS ARE
770 940 1579 999 La famosa Roral Bang
1077 1376 1582 1429 PASTEL DEL DIARIO
865 1429 1698 1479 cucharadas de mantequilla 3 cucharaditas de RONAL
1331 1453 1668 1509 PETRON
865 1459 1107 1512 arenas
1304 1489 1609 1539 anana de
865 1489 1006 1539 FOS
1295 1519 1749 1569 necesana de aromanizame
877 1519 1206 1572 las de lecheo agua
871 1549 1158 1602 mas almampa¬
758 1597 1889 1650 Disuélvase la mantequilla añadale el azúcar, el aromatizante y los huevos,
755 1623 1892 1679 encarnos en las a lamar en el agua en poco a pesos
755 1656 1889 1709 a la bra men poco pues amamente aramienen a una es
761 1686 1895 1739 Las tras una con enes pensata en en mano es muy esenes
755 1716 1901 1769 La mar una mujer ser en a mores amos e mujes
755 1752 910 1802 pende dos
734 1847 1922 1900 El Manual Roval del Panadero y pastelero, conte¬
737 1895 1919 1945 niendo muchas otras recetas se enviará por correo
734 1943 1919 1993 gratis a toda persona que nos mande su nombre y
734 1985 964 2038 dirección.
671 2158 1540 2208 escribanos y le diremos donde puede conseguirta.
824 2250 1824 2306 RONAL BARING PONDER CO. New York, U. S. A.
671 2113 1988 2166 Si la bodega donde Ua, compra no vende la levadura en polvo Royal,
934 2435 1710 2488 Ayude a los niños pobres.
570 2525 2191 2581 Es necesario que en cada municipio de esta isla, se organice la sociedad filantro¬
447 2570 1486 2620 pica EL HAPATO DE LOS NINOS PODRES.
1534 2570 2194 2623 Esta Sociedad viene trabajando
441 2612 2197 2668 desde hace varios años en San Juan, con tanto sito que podemos asegurar que todos los
441 2659 1698 2709 niños pobres que asisten a las escuelas van debidamente calzados.
579 2701 2200 2757 No se necesita hacer sacrificios. Aceptamos cualquier donativo por insignificante
447 2743 1370 2796 que sea Mándelo hoy mismo, si usten desea a
573 2785 1976 2844 Sra. María T. de Surez. P. O. Box. 122.—Sr. Emiliano Isales Aduana.
576 2827 1182 2886 Sr Juan Bantista Soto La Torre
582 2886 1752 2939 Este anuncio lo publica gratis HERALDO DE LA MUJER
1943 2889 2065 2939 Advt
1038 3077 1459 3130 Ayuntamiento de Madrid
