2479 3508
495 629 2021 715 ILIALDO DE LA IIII.
519 761 1964 846 REVISTA MENSUAL DEFENSORA DE LOS DERECHOS DE LA MUJER
632 958 1836 1037 DIRECTORA ADMINISTRADORA: ANA ROQUE DE DUPREY.
355 1098 2119 1184 LEMA: —Las Autocracias y Democracias a medias están condenadas a desaparecer, barridas por el
1080 1152 1397 1211 humano progreso.
1558 1277 1785 1333 ANUNCIOS
426 1310 1161 1381 Un trimestre (pago adelantado.....
1361 1331 2054 1396 página..... 600
429 1352 1164 1423 La mestre, en el estranjer... Los
1346 1376 2057 1438 página....
429 1399 1170 1464 Va semestre.
1277 1417 2057 1482 á página.
638 1256 937 1318 SUSCRIPCIÓN
352 1492 525 1548 AÑO II.
740 1498 1561 1572 SAN JUAN, P. R. SEPTIEMBRE DE 1919.
537 1591 1925 1673 Entered as second clase matter June 13, 1918, at the Post Ofice at San Juan, P. R.
1035 1716 1418 1778 SUMARIO
483 1880 1952 1966 ¿SERA NO SERA............... Ana Roqué de Duprey
489 1958 1946 2035 CAMPANA ANTITUBERCULOSA..................... Amparo Fernandes Núter.
483 2029 1946 2109 SABIAS MONTANAS Poesía............... Concha Meléndes.
486 2101 1943 2184 EL SAUZAL Poesta Carmela Eulate.
489 2179 1946 2256 GRAMATICA CASTELLANA ANER......... Ana Roqué de Duprey
492 2250 1943 2330 MUNDIAL. Aleme,
489 2325 1943 2402 SECCION CIENTIFICA......................... Laura de Bensac.
489 2394 1946 2474 NOCIAL. Margarita del Prado
483 2468 1943 2548 GOOD RTE FOREVER Novela................... Ana Roqué de Dubrey.
1095 2627 1331 2683 MODAS.
1035 3071 1456 3121 Ayuntamiento de Madrid
