2479 3508
1053 528 1453 581 HERALDO DE LA MUJER
713 686 1791 742 NONCIAS Tucurriqucias
1200 779 1307 829 POR
880 886 1609 939 Ana Roqué de Duprev.
1331 1525 1546 1578 SIN ALMA
420 1531 826 1581 GOD BE FOREVER
426 1594 1227 1647 EL SECRETO DE UNA SOLTERA (Premiada)
1340 1597 1964 1647 LA FIESTA DE REYES Premiada)
510 1680 2000 1736 El 30 por 100 del producto de cada tomo se dedicará a obras de beneficencia.
513 1749 2128 1799 Lo que corresponda al primer tomo, será entregado al Instituto de Bienestar Social,
385 1812 2131 1870 para ayudar con algo a la implantación de la Casa Reformatoria de jóvenes desampa¬
382 1880 504 1936 radas.
516 1940 1916 1993 Las personas que deseen suscribirse al primer tomo, se servirán avisarlo.
791 2026 1731 2076 SU PRECIO SERA DE UN DOLLAR.
501 1023 1534 1076 En dos elegantes tomitos se publicarán las siguientes:
420 1128 1047 1181 EL REY DEL MUNDO (PREMIADA.)
423 1196 746 1246 LUZ y SOMBRA
423 1259 1044 1312 LAS HIAS DEL So. (Cuento
426 1334 788 1387 ANDINA Cuento
423 1399 1089 1449 LA VIRGEN DEL MAR Leyenda)
426 1462 895 1515 EL RAMO DE LACINTOS
1337 1125 1749 1175 FLOR DEL PANTANO
1343 1191 1934 1243 UNA LECCIÓN DE ASTRONOMIA
1340 1256 1931 1309 LA SERENATA DE LOS ANGELES
1337 1331 1988 1384 EL HADA DEL SORATA Cuento
1334 1397 1543 1447 FLABELLA
1340 1459 1833 1512 UN LANCE DE CARNAVAL
973 2134 1540 2193 ATENCION
376 2209 2131 2259 Se suplica a las personas a quienes se les ha enviado el periódico y lo han aceptado retenien¬
379 2268 2140 2321 dolo, remitar el importe de la suscrinción, para poder atender a los gastos de imprenta que
385 2325 1310 2381 por las circunstancias actuales, son muy crecidos.
513 2394 2128 2444 A las señoras de Santurce, Yaco y Manatí, les hemos enviado recibos que espera¬
385 2450 2134 2503 mos de su corrección y honorabilidad, nos satisfagan pronto, como lo han hecho las de las
382 2516 749 2569 demás poblaciones.
516 2576 2131 2635 Los que recibieren este periódico y no lo devuelvan, o avisen de su no aceptación,
376 2636 970 2686 se les considerará suscriptores,
507 2689 2134 2751 Sólo a personas que gozan de buena reputación por su honradez, y que conocemos,
376 2749 2143 2808 nos decidimos a enviarselo, confiando en que no serán capaces de defraudar una empresa,
382 2809 1639 2859 naciente y patriótica, que debe protegerse en todo país civilizado.
1292 2874 1859 2927 LA ADMINISTRACION.
1203 3077 1331 3127 ento de
