2479 3508
967 537 1411 584 HERALDO DE LA MUJER
2010 543 2035 576 5
692 689 1686 732 ¿Será? No será?
397 827 1178 867 Toda la isla está en espectación desde que
316 869 1178 911 embarcaron nuestros políticos Barceló y Tous So-
313 910 1178 956 to, en busca de una solución más satisfactoria para
307 955 582 992 nuestro status.
385 1001 1178 1041 Pero el desaliento cunde a veces en el país.
313 1042 1178 1086 Quizás nada consigan. Los congresistas que tan-
313 1087 1170 1132 tos asuntos complejos encuentran en su tierra, no
316 1132 1178 1177 tienen prisa ninguna en dedicar un momento de su
310 1177 1161 1216 atención, para escuchar el grito de angustia que
304 1218 1178 1270 un pueblo pequeño sí, (pero en el cual, un millón
310 1266 1161 1302 y medio casi, de seres humanos, se debaten lu-
307 1308 1178 1359 chando por la vida en una cárcel estrecha, insufi-
304 1350 1178 1401 ciente para contenerlos a todos, y en condiciones
304 1395 1178 1439 anormales para cumpiir los fines de la existencia)
307 1436 1178 1486 eleva uno y otro dia, pidiendo un poco de justicia,
307 1481 1173 1523 un poco de ecuanimidad a ese pueblo que se ha
298 1526 1178 1568 erigido en defensor de los oprimidos, campeón de
313 1571 1178 1617 los débiles, y si se nos permite la frase, endereza-
307 1616 1030 1655 dor de los entuertos europeos o mundiales.
373 1660 1176 1699 Aquí hay un entuerto muy torcido, gran Wil-
316 1698 1178 1729 son. Aquí la vida se hace ya imposible con el al-
307 1747 815 1780 to precio de las subsistencias.
376 1789 1178 1820 El comercio americano, (su comercio), aprieta
304 1834 1178 1866 el torniquete de los precios especiales que tiene
310 1878 1161 1917 para esta infeliz isla, que no teniendo nada más
310 1922 1178 1957 que un solo mercado, sucumbe, ante esa esclavitud
307 1965 1178 1999 económica, como sucumbiria, si tuviera un gobier-
304 2007 832 2043 no despótico que lo tiranizase.
373 2051 1178 2084 ¿De qué nos vale tener libertad de hablar, o
307 2096 1161 2132 de decir la verdad, aún al mismo gobierno, si éste
307 2138 1178 2179 hace oidos de mercader, y deja que su comercio
310 2186 886 2219 nos oprima hasta extrangularnos?
367 2225 1178 2264 ¿De qué nos vale llamarnos, americanos, con
307 2269 1178 2311 un 66% de analfabetas, como si perteneciéramos
304 2314 1178 2353 al despótico gobierno de Marroecos o de Turquía?
310 2359 1178 2402 ¿Y teniendo tanto niño abandonado que pulula por
301 2401 1178 2443 las calles sin pan ni abrigo, cometiendo crimenes
301 2446 1178 2487 á una edad temprana, por el desamparo en que
307 2487 432 2520 viven?
379 2532 1178 2573 Y en tanto el oro americano acapara las tie-
304 2577 1178 2619 rras y siembra el país entero de cañas, no dejando
307 2622 1158 2661 lugar para los frutos menores que es el alimento
301 2663 1178 2710 de este pobre pueblo, que muere de hambre y des-
301 2708 1167 2747 nudez, en la más crasa ignorancia, como los anti-
304 2751 1178 2799 guos ilotas de la India, sin que haya compasión pa-
301 2795 1149 2834 ra él, mientras corre el oro que produce la dulce
304 2840 1178 2887 gramínea, como un Mississippi tropical, por encima
295 2881 1178 2915 de los mares, y va a formar palacios y tiendas ma-
1178 837 2077 878 ravillosas en la ciudad egregia, que todo lo absor-
1178 881 2068 926 be, y cuyo gobierno se enorgullece en proclamar
1178 925 2018 965 ¡LA GRAN PROSPERIDAD DE PUERTO RICO......!
1292 971 2060 1010 ¡Ah, mentiras convencionales! ¡Ah. espejis-
1178 1011 2060 1060 mos de la imaginación! ¡Y cuán dura, amarga y
1178 1056 1803 1093 sombría es la horrible realidad....!
1289 1111 2068 1150 Por eso Puerto Rico necesita despejar esa obs-
1178 1147 1501 1183 cura incógnita.
1286 1204 2063 1246 Por eso necesita definir su status, para saber
1178 1240 2060 1287 cuál ha de ser su solución definitiva, y poder en-
1188 1290 2074 1332 tónces buscar un remedio á la condición misera de
1178 1329 2063 1374 nuestro pueblo; si no fuere ya demasiado tarde pa-
1178 1371 2063 1422 ra salvarlo de la horrible miseria en que vive, y de
1221 1419 2065 1463 la degradación y desamparo en que se revuelve
1178 1456 2077 1508 impotente, ante la esclavitud sui generis del plato
1206 1510 1430 1541 de lentejas.
1286 1553 2074 1598 Nuestro pueblo en su desesperación, pide la
1178 1587 1483 1634 independencia.
1298 1648 2063 1690 Y bien, qué hombre y qué pueblo digno no
1178 1698 1689 1729 aspira á su independencia?
1289 1737 2063 1774 Pero ¿tenemos nosotros dinero suficiente para
1178 1790 2063 1822 hacer frente á las responsabilidades y desembolsos
1178 1831 1904 1866 que esa clase de gobierno lleva consigo?
1283 1871 2057 1914 ¡No seamos niños! Pensemos con sensatez.
1178 1926 2065 1959 Somos pobres, muy pobres, y el actual gobierno
1178 1969 2063 2004 nos ha acostumbrado á tener un presupuesto de
1224 2004 2036 2046 millonarios, que sube, que se infla cada año y...
1178 2054 2003 2084 ¿qué sucederá? Responda quien pueda.....
1280 2093 2060 2135 Otros, tan ilusos como los independentistas,
1178 2149 2054 2183 piden el estado. Otro gobierno de millonarios.
1212 2189 2048 2225 ¿Podríamos nosotros acaso alternar con los flaman-
1178 2234 1943 2267 tes estados americanos en fuerza y poderío?
1262 2275 2057 2323 No es preparación cívica ni intelectual lo que
1178 2323 2065 2362 nos falta para que pudiera ser Puerto Rico una re-
1178 2372 2049 2413 pública protegida como Cuba o Panamá: ni un es-
1178 2413 2057 2452 tado como Tejas o Nuevo Méjico. Lo que nos
1178 2457 2065 2496 falta es dinero y voluntad para hacer producir á
1203 2502 2051 2538 nuestra fértil isla lo que sea indispensable para
1178 2543 2051 2583 nuestras necesidades, y desechar de nuestras cos-
1178 2589 1970 2625 tumbres esos lujos que no podemos soportar.
1271 2646 2057 2682 Esos presupuestos escandalosos que van a lle-
1178 2680 2054 2726 nar el bolsillo de tanto carpet bagger, que nos ase-
1200 2728 2060 2771 dia; y emanciparnos de ese mercado único que nos
1178 2769 1361 2809 tritura.
1286 2834 2054 2873 Y tratar de vivir con lo que tenemos, sin con-
1178 2885 2051 2920 contraer deudas, en la honrosa mediania de las per-
1050 3076 1445 3114 Ayuntamiento de Madrid
