2479 3508
1065 516 1462 569 HERALDO DE LA MUJER
376 605 1215 661 sonas modestas que viven sencillamente, instru¬
385 647 1218 703 vendose muriendo en cerebro de conocimientos
382 695 1221 751 quiles y acomodandonos a lo pretico huvendo de
382 737 931 793 sos adalismos sin consistencia.
456 787 1221 849 Tratando de realzarnos por nuestro valer per¬
382 838 1221 894 mal, y no por una ostentación necia, empeñada
385 883 1215 939 en imitar los millonarios que nos vistan, y que
382 925 1221 978 guran á causa de sus riqueras por derecho propio
382 967 1212 1026 donde quiera que los vavenes de la vida los con¬
388 1011 516 1067 luzcan¬
1367 608 2131 661 Solo así, modestamente, podrá ser Puerto Ri-
1295 650 2137 706 co una república feliz y respetada, a la sombra de
1295 698 1949 748 la gloriosa bandera de ese gran pueblo.
1370 737 2128 793 Pero viviendo nuestra vida sencilla y agna.
1295 781 2131 834 sin seguire en las manifestaciones de su espien¬
1298 826 2131 882 nida riquera, aunque tratando de igualarnos a al.
1298 871 2137 924 en su sentido práctico, su laboriosidad y en su
1298 916 1776 972 grandera moral e intelectual.
1370 952 1686 1005 lo gran
1704 1008 2092 1064 Ana Roqué de Duprer.
456 1423 1221 1476 Después de la instrucción pública y de la
376 1465 1224 1515 mancipación que tanto alegran á la diendad de
376 1510 1218 1560 la mujer el mayor bien social que puede hacer
382 1552 1215 1605 e en favor de ella así como también del hombre.
382 1594 1218 1650 Sibrarios en lo posible del terrible ante de la
382 1641 1215 1691 peste blanca, que diera nuestra población con¬
376 1680 606 1736 que estamos.
453 1722 1212 1775 Hace falta una estadistica demografica com¬
385 1761 1212 1823 pera veserupulosamente ellasincada, que nos de
385 1806 1218 1864 con escina la cira enorme de los que aqui mue¬
385 1856 859 1909 en de se bormidable apote.
456 1895 1221 1951 No creemos que haya en las antillas, ni quizás
376 1940 1215 1993 en toda la america Espanola pala mas casigado
379 1985 1212 2041 que Puerto Rico, por ese ransimo mal, al que ade¬
385 2026 1221 2082 mas de los deterias de almentación de nuestras
376 2071 1215 2121 lases prolerarias de las tratras del paupersmo
388 2116 1212 2169 y de las costumbres más enumentales que heje
376 2158 1209 2211 preas, observadas en el eno de las famillas igno¬
376 2203 1215 2253 rantes, donde hay entemos mbercalosos, una ven
385 2244 1218 2300 las naciones enintantes del cima, esto apar¬
379 2286 1215 2342 le de genuingente aterador que de aque la inque¬
379 2334 1083 2387 ma del tabago a esta lamentable alección.
453 2382 1218 2435 En los instantes en que más entristecía mi¬
382 2424 1218 2480 pensamiento esta desgracia social, que alecia p¬
382 2468 1215 2521 davía, más a la mujer que al hombre, lera a mis¬
376 2516 1209 2566 manos una publicación pernana mulada EL MER.
382 2558 1218 2611 CURIO. en la que halio un arreno del Dr. Ra¬
382 2600 1212 2653 paginar, que aposa razonada y briosamente en la¬
382 2644 1206 2697 por de una campaña inmediana y patriotica, histe
382 2692 1107 2742 nes y educativa en sentido animuerenoso.
465 2731 1215 2790 Lima escriberposee el triste privilegio de
376 2782 1218 2835 ser una de las poblaciones del mundo donde la mu¬
379 2827 1209 2877 perculosis hace relativamente en su población ma¬
376 2874 1218 2927 por número de vicunas, se enculan de siere a
1295 1423 2137 1473 ocho la mortalidad por tuberculosis en cada millar
1298 1465 2143 1518 le habitantes. Un de de las definciones en los
1295 1510 2137 1563 pospitales de Lina tienen por causa esta enter¬
1295 1555 2137 1605 medad. En el transcurso de cinco años han sido
1295 1597 2134 1650 luenciados de nuestro ejercito por solados reco¬
1295 1641 2137 1691 puerdos hperciosos en la ciudad me¬
1295 1683 2143 1736 dotada del Pero adquieren tales proporciones
1298 1725 2140 1778 los años que ocasiona la berculosia podemos
1298 1770 2134 1823 suponer enales serán los lectos de la plaga en la
1298 1814 1827 1867 pralidad de nuestro erroro.
1376 1859 1710 1909 Más adelante anade¬
1394 1901 2137 1954 Forma la conciencia popular sobre la natu¬
1295 1946 2134 1999 raleza de la tuberculosis y la manera de evitala.
1295 1988 2134 2041 constituve uno de los medios más encaces de que
1295 2029 2134 2082 aspone la buena contra el dagelos para llegara ese
1295 2077 2143 2127 resultado, hay que recurar a todos los medios de
1295 2119 2131 2172 propaganas que han sido empleados con fruto en
1295 2164 2134 2217 quos pates, y aquellos que más se aduen a la
1301 2206 2143 2259 conciones especiales de nuestras ciudades y de
1295 2250 2143 2306 sus habitantes. Es necesario luencar en el alma
1295 2295 2131 2345 de las gentes la idea de que la tubermosa es
1295 2340 1874 2390 contarina, es riale es rani¬
1367 2379 2134 2432 La educación es la base de la protección po¬
1295 2424 2134 2480 plar. Nos delemos de que nuestro pueblo sea
1298 2468 2134 2521 ciosa, y lo hemos hecho nada para prevenilo
1298 2513 1836 2566 contra el vicio y la enfermedad.
1367 2561 2131 2614 Muchas de estas consideraciones del Dr. Pe¬
1298 2606 2137 2659 rano son todavia aplicables a nuestro país, aun¬
1298 2647 2134 2706 que la propaganda de lagiene pomular se la ser¬
1298 2692 2134 2748 ido con fruto en la prensa, en la tabana y en las
1298 2737 1618 2790 menidas policiacas.
1367 2779 2134 2832 Pero la acción más eficaz para remediar ese
1292 2824 2137 2877 mal cruel, es la que ejerce desde algún tiempo la
1516 2865 1907 2918 Conunio en la página 8
1035 3077 1459 3130 Ayuntamiento de Madrid
522 1262 2012 1318 La campana Antituberculosa en Puerto Rico
1083 1116 1346 1181 N
