2479 3508
1146 528 1543 578 HERALDO DE LA MUJER
653 620 1044 673 Continación de la pág. ó
426 662 1259 718 Liga Antituberculosa y la Dirección de Sanidad.
504 707 1256 760 Esta luma va estableciendo castas cienti¬
423 749 1256 802 camente constridas con el concurso de donativos
426 799 1256 849 generosos de las pentes aqueradas, en donde los
420 838 1256 891 queriosos puedan recibr el tratamento mas
423 880 1262 936 decuado a en enfermedad y la Los cuenta ya
420 925 1253 978 on rentos considerables y los aumenta con plan¬
417 967 1253 1023 sible actividad para establecer un sanatorio mo¬
426 1008 1265 1067 los o un asio en donde se reivan y curen los
423 1056 1256 1112 beralosos incipientes los invanidos ya en los
426 1104 1259 1154 primeros grados de esa enfermedad, y para forta¬
423 1143 1259 1199 lacer y salvar los ninos latalmente predesunados
420 1185 698 1241 esa desgracia.
504 1238 1256 1294 Cuenta va para ello con considerables recur¬
417 1280 1253 1339 sos obtenidos por generosos donativos de las cen¬
1340 617 2182 670 trales Azucareras, y de otras instituciones podero¬
1337 662 2173 712 sas de la isla que contribuven a esta buena obra.
1343 704 2179 757 algunos cines como el vigoro Cardes, que
1340 746 2176 802 caba de dar un pingue beneficio en lavor de la
1337 790 2176 846 Liga anutuberculosa y se espera que puras cor¬
1337 838 2179 888 poraciones y personas generosas sigan tan poble
1337 880 1486 933 emplo.
1403 922 2176 975 En poder del Gobierno Civil existen también
1337 967 2179 1020 mos y opo dolars procedentes de terenos de la
1337 1011 2176 1061 Liga que hueron vendidos para la bormación del
1340 1053 1740 1106 Campamente las casas.
1415 1098 2173 1148 Hay motivos para creer que pronto dará prin¬
1337 1140 2170 1193 pio la construcción de es precioso estableci¬
1337 1188 1656 1238 miento de caridad.
1725 1238 2137 1294 Amparo Fernandez Náter.
758 1734 1827 1796 A AURORAS FEMENINASE
615 1874 2060 1933 Se está dando un gran impulso al feminismo, y es de espera que en breve
525 1937 2063 1990 plazo, sin luchas ni oposiciones, triunfen los derechos de la mujer, por imperiosa
525 1994 2068 2050 necesidad de la vida moderna, que va tejiendo una rama de innegable utilidad
525 2050 2060 2106 en la urdimbre obscura, inútil frivola con que se ha desarrollado la existencia fe-
525 2107 904 2160 menina hasta aquí.
1259 2179 1976 2232 De "La Voz de la Mujer, Madrid.
615 2316 2065 2369 Aún en los pueblos más conservadores, el feminismo hace sentir su vigorosa
525 2373 2063 2429 influencia; es el nuevo fenómeno social que hoy se nos presenta. En Inglaterra
525 2432 2065 2485 sobre todo y en los Estados Unidos, y aún en Puerto Rico, vemos a la mujer en
525 2489 2060 2548 el periodismo, en la medicina, en el foro, en las artes útiles y liberales, en la
525 2555 2054 2608 pintura, la escultura, y la literatura; la vemos en la tribuna académica, forense
519 2612 2057 2668 y parlamentaria. Así se nos presenta en el taller como en la política, en el ho¬
528 2668 2054 2724 gar como en las funciones públicas, en la catedra y en las finanzas: todo lo ava¬
525 2725 1259 2781 salla, hasta parece superior al hombre.
1292 2794 1967 2850 De "La Mujer Moderna", Méjico.
1047 3080 1462 3130 Ayuntamiento de Madrid
