<?xml version="1.0" encoding="UTF-8" standalone="yes"?>
<PcGts xmlns="http://schema.primaresearch.org/PAGE/gts/pagecontent/2013-07-15" xmlns:xsi="http://www.w3.org/2001/XMLSchema-instance" xsi:schemaLocation="http://schema.primaresearch.org/PAGE/gts/pagecontent/2013-07-15 http://schema.primaresearch.org/PAGE/gts/pagecontent/2013-07-15/pagecontent.xsd">
    <Metadata>
        <Creator>prov=READ-COOP:name=PyLaia@TranskribusPlatform:version=2.33.0:model_id=421621:lm=provided:date=28_10_2025_16:23</Creator>
        <Created>2025-10-25T14:29:03.401924</Created>
        <LastChange>2025-10-28T16:23:52.972+01:00</LastChange>
        <TranskribusMetadata docId="11369100" pageId="104387651" pageNr="11" tsid="259151451" status="IN_PROGRESS" userId="30120" imgUrl="https://files.transkribus.eu/Get?fileType=view&amp;id=PFARZQUTTYKGSGVECXKXZUTD" xmlUrl="https://files.transkribus.eu/Get?id=FMSCCTSBCWFOONUMGSDFAMRL" imageId="87597385"/>
    </Metadata>
    <Page imageFilename="0011_p011.jpg" imageWidth="2479" imageHeight="3508">
        <ReadingOrder>
            <OrderedGroup id="ro_1781166865354" caption="Regions reading order">
                <RegionRefIndexed index="0" regionRef="tr_1761395364"/>
                <RegionRefIndexed index="1" regionRef="tr_1761395362"/>
                <RegionRefIndexed index="2" regionRef="tr_1761395360"/>
                <RegionRefIndexed index="3" regionRef="tr_1761395361"/>
                <RegionRefIndexed index="4" regionRef="tr_1761395363"/>
            </OrderedGroup>
        </ReadingOrder>
        <TextRegion id="tr_1761395364" custom="readingOrder {index:0;}">
            <Coords points="268,469 1815,469 1815,527 268,527"/>
            <TextLine id="tr_1761395364_tl_1" custom="readingOrder {index:0;}">
                <Coords points="967,465 1382,465 1382,515 967,515"/>
                <Baseline points="967,510 1012,510 1056,510 1101,510 1146,510 1191,510 1236,510 1280,510 1325,510 1370,510 1382,510"/>
                <TextEquiv>
                    <Unicode>HERALDO DE LA MUJER</Unicode>
                </TextEquiv>
            </TextLine>
            <TextEquiv>
                <Unicode></Unicode>
            </TextEquiv>
        </TextRegion>
        <TextRegion id="tr_1761395362" custom="readingOrder {index:1;}">
            <Coords points="235,537 2128,537 2128,725 235,725"/>
            <TextLine id="tr_1761395362_tl_1" custom="readingOrder {index:0;}">
                <Coords points="417,617 1901,605 1901,655 1812,664 417,667"/>
                <Baseline points="417,662 423,659 468,659 513,659 558,659 603,659 647,659 692,659 737,659 782,659 826,659 871,662 916,662 961,662 1006,659 1050,659 1095,659 1140,662 1185,662 1230,659 1274,659 1319,656 1364,659 1409,659 1453,659 1498,662 1543,665 1588,668 1633,662 1677,656 1722,659 1767,659 1812,659 1857,656 1901,650"/>
                <TextEquiv>
                    <Unicode>rramarica Castelana aner</Unicode>
                </TextEquiv>
            </TextLine>
            <TextEquiv>
                <Unicode></Unicode>
            </TextEquiv>
        </TextRegion>
        <TextRegion id="tr_1761395360" custom="readingOrder {index:2;}">
            <Coords points="253,664 1182,664 1182,3056 253,3056"/>
            <TextLine id="tr_1761395360_tl_1" custom="readingOrder {index:0;}">
                <Coords points="358,770 1140,767 1140,817 358,820"/>
                <Baseline points="358,815 379,815 423,818 468,818 513,815 558,815 603,818 647,818 692,818 737,815 782,815 826,815 871,818 916,815 961,818 1006,815 1050,815 1095,815 1140,812"/>
                <TextEquiv>
                    <Unicode>Con una cariñosa dedicatoria, hemos recibido</Unicode>
                </TextEquiv>
            </TextLine>
            <TextLine id="tr_1761395360_tl_2" custom="readingOrder {index:1;}">
                <Coords points="280,814 934,814 934,864 280,864"/>
                <Baseline points="280,859 325,859 370,859 414,859 459,859 504,859 549,859 594,862 638,859 683,859 728,859 773,859 818,859 862,859 907,859 934,859"/>
                <TextEquiv>
                    <Unicode>este paloso libro de don relipe laner.</Unicode>
                </TextEquiv>
            </TextLine>
            <TextLine id="tr_1761395360_tl_3" custom="readingOrder {index:2;}">
                <Coords points="358,862 1134,862 1134,912 358,912"/>
                <Baseline points="358,907 403,907 447,907 492,907 537,907 582,907 626,907 671,907 716,904 761,907 806,907 850,904 895,904 940,904 985,904 1030,904 1074,904 1119,904 1134,907"/>
                <TextEquiv>
                    <Unicode>además de darle las gracias por el obsequio,</Unicode>
                </TextEquiv>
            </TextLine>
            <TextLine id="tr_1761395360_tl_4" custom="readingOrder {index:3;}">
                <Coords points="280,907 1137,904 1137,954 1092,957 280,957"/>
                <Baseline points="280,952 286,955 331,955 376,955 420,955 465,955 510,955 555,955 600,955 644,955 689,955 734,952 779,952 824,952 868,952 913,952 958,952 1003,952 1047,952 1092,952 1137,949"/>
                <TextEquiv>
                    <Unicode>le felicitamos efusivamente, porque al fin ha escri¬</Unicode>
                </TextEquiv>
            </TextLine>
            <TextLine id="tr_1761395360_tl_5" custom="readingOrder {index:4;}">
                <Coords points="280,955 1009,955 1009,1005 280,1005"/>
                <Baseline points="280,1000 325,1000 370,1000 414,1000 459,1000 504,997 549,997 594,1000 638,1000 683,1000 728,997 773,997 818,997 862,997 907,997 952,997 997,997 1009,1000"/>
                <TextEquiv>
                    <Unicode>to una gramares verdaderamente enuncia.</Unicode>
                </TextEquiv>
            </TextLine>
            <TextLine id="tr_1761395360_tl_6" custom="readingOrder {index:5;}">
                <Coords points="358,999 1137,993 1137,1043 358,1049"/>
                <Baseline points="358,1044 376,1041 420,1044 465,1044 510,1044 555,1044 600,1044 644,1044 689,1044 734,1041 779,1044 824,1044 868,1041 913,1041 958,1041 1003,1041 1047,1041 1092,1041 1137,1038"/>
                <TextEquiv>
                    <Unicode>Hasta ahora nuestras gramancas en uso, eran</Unicode>
                </TextEquiv>
            </TextLine>
            <TextLine id="tr_1761395360_tl_7" custom="readingOrder {index:6;}">
                <Coords points="286,1041 1137,1038 1137,1088 1092,1091 286,1091"/>
                <Baseline points="286,1086 331,1089 376,1089 420,1089 465,1089 510,1089 555,1089 600,1089 644,1089 689,1089 734,1089 779,1089 824,1089 868,1089 913,1086 958,1086 1003,1086 1047,1086 1092,1086 1137,1083"/>
                <TextEquiv>
                    <Unicode>una ergo, y así andaba el castelano en nuestras</Unicode>
                </TextEquiv>
            </TextLine>
            <TextLine id="tr_1761395360_tl_8" custom="readingOrder {index:7;}">
                <Coords points="280,1089 370,1086 441,1092 441,1142 370,1136 280,1139"/>
                <Baseline points="280,1134 325,1134 370,1131 414,1134 441,1137"/>
                <TextEquiv>
                    <Unicode>escuelas.</Unicode>
                </TextEquiv>
            </TextLine>
            <TextLine id="tr_1761395360_tl_9" custom="readingOrder {index:8;}">
                <Coords points="358,1131 1134,1131 1134,1181 358,1181"/>
                <Baseline points="358,1176 403,1179 447,1179 492,1179 537,1179 582,1176 626,1176 671,1176 716,1179 761,1176 806,1176 850,1173 895,1173 940,1176 985,1176 1030,1176 1074,1176 1119,1176 1134,1176"/>
                <TextEquiv>
                    <Unicode>Solo en la Universidad se estudiaba bien el</Unicode>
                </TextEquiv>
            </TextLine>
            <TextLine id="tr_1761395360_tl_10" custom="readingOrder {index:9;}">
                <Coords points="289,1179 471,1179 471,1229 289,1229"/>
                <Baseline points="289,1224 334,1224 379,1224 423,1224 468,1224 471,1224"/>
                <TextEquiv>
                    <Unicode>castellano.</Unicode>
                </TextEquiv>
            </TextLine>
            <TextLine id="tr_1761395360_tl_11" custom="readingOrder {index:10;}">
                <Coords points="361,1220 1134,1220 1134,1270 361,1270"/>
                <Baseline points="361,1265 406,1265 450,1268 495,1268 540,1268 585,1265 629,1265 674,1265 719,1265 764,1265 809,1265 853,1265 898,1265 943,1265 988,1265 1032,1265 1077,1265 1122,1265 1134,1265"/>
                <TextEquiv>
                    <Unicode>Se encuentra en este libro, un estudio concien¬</Unicode>
                </TextEquiv>
            </TextLine>
            <TextLine id="tr_1761395360_tl_12" custom="readingOrder {index:11;}">
                <Coords points="283,1268 1140,1262 1140,1312 1095,1315 283,1318"/>
                <Baseline points="283,1313 289,1310 334,1310 379,1310 423,1310 468,1310 513,1313 558,1313 603,1310 647,1310 692,1310 737,1307 782,1307 826,1307 871,1307 916,1307 961,1307 1006,1307 1050,1307 1095,1310 1140,1307"/>
                <TextEquiv>
                    <Unicode>do del imoma, endiendo a murario, anto de</Unicode>
                </TextEquiv>
            </TextLine>
            <TextLine id="tr_1761395360_tl_13" custom="readingOrder {index:12;}">
                <Coords points="289,1313 1143,1310 1143,1360 289,1363"/>
                <Baseline points="289,1358 292,1355 337,1355 382,1355 426,1355 471,1355 516,1355 561,1355 606,1355 650,1355 695,1355 740,1352 785,1355 829,1352 874,1355 919,1352 964,1352 1009,1355 1053,1355 1098,1355 1143,1355"/>
                <TextEquiv>
                    <Unicode>los barbarismos resultantes de las trases españolas</Unicode>
                </TextEquiv>
            </TextLine>
            <TextLine id="tr_1761395360_tl_14" custom="readingOrder {index:13;}">
                <Coords points="280,1355 1137,1355 1137,1405 280,1405"/>
                <Baseline points="280,1400 325,1403 370,1403 414,1403 459,1403 504,1403 549,1403 594,1403 638,1403 683,1400 728,1403 773,1400 818,1400 862,1397 907,1400 952,1400 997,1400 1041,1400 1086,1400 1131,1400 1137,1400"/>
                <TextEquiv>
                    <Unicode>nal usadas por las personas de escasa cultura, co¬</Unicode>
                </TextEquiv>
            </TextLine>
            <TextLine id="tr_1761395360_tl_15" custom="readingOrder {index:14;}">
                <Coords points="286,1402 1134,1402 1134,1452 286,1452"/>
                <Baseline points="286,1447 331,1447 376,1450 420,1450 465,1450 510,1450 555,1450 600,1450 644,1450 689,1450 734,1447 779,1447 824,1447 868,1447 913,1447 958,1447 1003,1447 1047,1447 1092,1447 1134,1447"/>
                <TextEquiv>
                    <Unicode>mo de los mil angicismos que nos ha trado el</Unicode>
                </TextEquiv>
            </TextLine>
            <TextLine id="tr_1761395360_tl_16" custom="readingOrder {index:15;}">
                <Coords points="292,1450 1143,1450 1143,1500 292,1500"/>
                <Baseline points="292,1495 337,1492 382,1492 426,1492 471,1495 516,1495 561,1492 606,1492 650,1495 695,1492 740,1495 785,1492 829,1492 874,1492 919,1492 964,1492 1009,1492 1053,1492 1098,1492 1143,1495"/>
                <TextEquiv>
                    <Unicode>nuevo intoma, los cuales parece conarán cara de</Unicode>
                </TextEquiv>
            </TextLine>
            <TextLine id="tr_1761395360_tl_17" custom="readingOrder {index:16;}">
                <Coords points="286,1492 815,1495 815,1545 286,1542"/>
                <Baseline points="286,1537 331,1540 376,1540 420,1540 465,1540 510,1540 555,1537 600,1537 644,1540 689,1537 734,1537 779,1537 815,1540"/>
                <TextEquiv>
                    <Unicode>naturaleza en nuestro engue¬</Unicode>
                </TextEquiv>
            </TextLine>
            <TextLine id="tr_1761395360_tl_18" custom="readingOrder {index:17;}">
                <Coords points="361,1546 1140,1543 1140,1593 361,1596"/>
                <Baseline points="361,1591 379,1588 423,1588 468,1588 513,1591 558,1591 603,1591 647,1591 692,1591 737,1591 782,1588 826,1591 871,1591 916,1588 961,1588 1006,1588 1050,1588 1095,1591 1140,1588"/>
                <TextEquiv>
                    <Unicode>Pero estudiando esta gramática, conoceremos</Unicode>
                </TextEquiv>
            </TextLine>
            <TextLine id="tr_1761395360_tl_19" custom="readingOrder {index:18;}">
                <Coords points="283,1591 1128,1588 1128,1638 1083,1641 283,1641"/>
                <Baseline points="283,1636 322,1636 367,1636 412,1636 456,1633 501,1636 546,1636 591,1636 635,1636 680,1633 725,1636 770,1636 815,1636 859,1636 904,1633 949,1636 994,1636 1038,1636 1083,1636 1128,1633"/>
                <TextEquiv>
                    <Unicode>el casino español, que ninguna persona mediana</Unicode>
                </TextEquiv>
            </TextLine>
            <TextLine id="tr_1761395360_tl_20" custom="readingOrder {index:19;}">
                <Coords points="289,1638 722,1638 722,1688 289,1688"/>
                <Baseline points="289,1683 334,1683 379,1680 423,1680 468,1680 513,1680 558,1677 603,1677 647,1677 692,1680 722,1683"/>
                <TextEquiv>
                    <Unicode>mente culta dele ignorar.</Unicode>
                </TextEquiv>
            </TextLine>
            <TextLine id="tr_1761395360_tl_21" custom="readingOrder {index:20;}">
                <Coords points="367,1689 1137,1683 1137,1733 367,1739"/>
                <Baseline points="367,1734 376,1731 420,1731 465,1731 510,1731 555,1728 600,1731 644,1731 689,1731 734,1731 779,1731 824,1731 868,1731 913,1731 958,1731 1003,1731 1047,1731 1092,1731 1137,1728"/>
                <TextEquiv>
                    <Unicode>Aunque creemos que hay galicismos, latinis¬</Unicode>
                </TextEquiv>
            </TextLine>
            <TextLine id="tr_1761395360_tl_22" custom="readingOrder {index:21;}">
                <Coords points="289,1731 1143,1731 1143,1781 289,1781"/>
                <Baseline points="289,1776 334,1779 379,1776 423,1779 468,1776 513,1776 558,1776 603,1776 647,1776 692,1773 737,1773 782,1773 826,1773 871,1773 916,1773 961,1773 1006,1773 1050,1773 1095,1773 1140,1776 1143,1776"/>
                <TextEquiv>
                    <Unicode>mos y angiciamos que por derecho propio están</Unicode>
                </TextEquiv>
            </TextLine>
            <TextLine id="tr_1761395360_tl_23" custom="readingOrder {index:22;}">
                <Coords points="286,1776 1140,1776 1140,1826 286,1826"/>
                <Baseline points="286,1821 331,1821 376,1821 420,1821 465,1821 510,1821 555,1821 600,1818 644,1821 689,1821 734,1818 779,1818 824,1821 868,1821 913,1821 958,1818 1003,1818 1047,1818 1092,1818 1137,1821 1140,1821"/>
                <TextEquiv>
                    <Unicode>hoy enrianeciendo nuestro auna, por ser a veces</Unicode>
                </TextEquiv>
            </TextLine>
            <TextLine id="tr_1761395360_tl_24" custom="readingOrder {index:23;}">
                <Coords points="286,1820 1140,1820 1140,1870 286,1870"/>
                <Baseline points="286,1865 331,1865 376,1868 420,1865 465,1865 510,1865 555,1865 600,1865 644,1868 689,1865 734,1865 779,1865 824,1865 868,1865 913,1865 958,1865 1003,1865 1047,1865 1092,1865 1137,1865 1140,1865"/>
                <TextEquiv>
                    <Unicode>la representación granca más completa de una</Unicode>
                </TextEquiv>
            </TextLine>
            <TextLine id="tr_1761395360_tl_25" custom="readingOrder {index:24;}">
                <Coords points="286,1865 376,1868 376,1918 286,1915"/>
                <Baseline points="286,1910 331,1913 376,1913"/>
                <TextEquiv>
                    <Unicode>idea.</Unicode>
                </TextEquiv>
            </TextLine>
            <TextLine id="tr_1761395360_tl_26" custom="readingOrder {index:25;}">
                <Coords points="364,1910 1143,1910 1143,1960 364,1960"/>
                <Baseline points="364,1955 409,1955 453,1958 498,1955 543,1958 588,1955 632,1955 677,1955 722,1955 767,1955 812,1955 856,1955 901,1955 946,1955 991,1955 1035,1955 1080,1955 1125,1955 1143,1955"/>
                <TextEquiv>
                    <Unicode>Por eso los usamos a diario y no dejan de dar</Unicode>
                </TextEquiv>
            </TextLine>
            <TextLine id="tr_1761395360_tl_27" custom="readingOrder {index:26;}">
                <Coords points="289,1958 1137,1955 1137,2005 289,2008"/>
                <Baseline points="289,2003 331,2003 376,2003 420,2000 465,2000 510,2000 555,2000 600,2000 644,2000 689,2000 734,1997 779,2000 824,2000 868,1997 913,2000 958,2000 1003,2000 1047,2000 1092,2000 1137,2000"/>
                <TextEquiv>
                    <Unicode>un ello original a nuestro lenguste antilano, her¬</Unicode>
                </TextEquiv>
            </TextLine>
            <TextLine id="tr_1761395360_tl_28" custom="readingOrder {index:27;}">
                <Coords points="283,2000 970,2000 970,2050 283,2050"/>
                <Baseline points="283,2045 328,2048 373,2048 417,2048 462,2048 507,2045 552,2048 597,2045 641,2045 686,2045 731,2045 776,2045 821,2042 865,2042 910,2042 955,2045 970,2045"/>
                <TextEquiv>
                    <Unicode>mosear dolo haciéndo lo más expresio.</Unicode>
                </TextEquiv>
            </TextLine>
            <TextLine id="tr_1761395360_tl_29" custom="readingOrder {index:28;}">
                <Coords points="358,2053 1149,2053 1149,2103 358,2103"/>
                <Baseline points="358,2098 403,2095 447,2098 492,2098 537,2098 582,2095 626,2095 671,2095 716,2095 761,2095 806,2095 850,2092 895,2095 940,2092 985,2095 1030,2095 1074,2095 1119,2095 1149,2098"/>
                <TextEquiv>
                    <Unicode>Nosotros que nos dedicamos a escribir para</Unicode>
                </TextEquiv>
            </TextLine>
            <TextLine id="tr_1761395360_tl_30" custom="readingOrder {index:29;}">
                <Coords points="286,2098 1146,2098 1146,2148 286,2148"/>
                <Baseline points="286,2143 331,2146 376,2146 420,2143 465,2143 510,2140 555,2140 600,2140 644,2140 689,2140 734,2140 779,2140 824,2137 868,2140 913,2140 958,2140 1003,2140 1047,2140 1092,2140 1137,2143 1146,2143"/>
                <TextEquiv>
                    <Unicode>el público, no tenemos inconveniente en usar las</Unicode>
                </TextEquiv>
            </TextLine>
            <TextLine id="tr_1761395360_tl_31" custom="readingOrder {index:30;}">
                <Coords points="295,2146 1143,2143 1143,2193 295,2196"/>
                <Baseline points="295,2191 337,2191 382,2188 426,2188 471,2188 516,2188 561,2185 606,2188 650,2185 695,2185 740,2185 785,2185 829,2185 874,2185 919,2185 964,2185 1009,2185 1053,2185 1098,2185 1143,2188"/>
                <TextEquiv>
                    <Unicode>palabras lan, sucenila, acaleal, reportar.</Unicode>
                </TextEquiv>
            </TextLine>
            <TextLine id="tr_1761395360_tl_32" custom="readingOrder {index:31;}">
                <Coords points="286,2188 1146,2188 1146,2238 286,2238"/>
                <Baseline points="286,2233 331,2233 376,2236 420,2233 465,2233 510,2233 555,2233 600,2230 644,2233 689,2230 734,2227 779,2230 824,2227 868,2230 913,2227 958,2227 1003,2227 1047,2230 1092,2230 1137,2233 1146,2233"/>
                <TextEquiv>
                    <Unicode>para, y otras que matizan hoy nuestro enguste.</Unicode>
                </TextEquiv>
            </TextLine>
            <TextLine id="tr_1761395360_tl_33" custom="readingOrder {index:32;}">
                <Coords points="295,2232 1149,2226 1149,2276 1104,2279 295,2282"/>
                <Baseline points="295,2277 298,2277 343,2277 388,2277 432,2274 477,2271 522,2274 567,2274 612,2274 656,2274 701,2274 746,2274 791,2271 835,2271 880,2274 925,2271 970,2271 1015,2271 1059,2271 1104,2274 1149,2271"/>
                <TextEquiv>
                    <Unicode>dandole siera gracia caractersica, sin pretender</Unicode>
                </TextEquiv>
            </TextLine>
            <TextLine id="tr_1761395360_tl_34" custom="readingOrder {index:33;}">
                <Coords points="292,2274 1146,2271 1146,2321 1101,2324 292,2324"/>
                <Baseline points="292,2319 295,2322 340,2322 385,2322 429,2322 474,2322 519,2319 564,2319 609,2322 653,2319 698,2319 743,2319 788,2319 832,2319 877,2319 922,2319 967,2316 1012,2316 1056,2319 1101,2319 1146,2316"/>
                <TextEquiv>
                    <Unicode>hacerlo pasar por casuzo, y cuidando de acentuar¬</Unicode>
                </TextEquiv>
            </TextLine>
            <TextLine id="tr_1761395360_tl_35" custom="readingOrder {index:34;}">
                <Coords points="292,2322 1149,2319 1149,2369 292,2372"/>
                <Baseline points="292,2367 298,2367 343,2367 388,2367 432,2367 477,2367 522,2367 567,2367 612,2367 656,2367 701,2364 746,2367 791,2364 835,2364 880,2364 925,2361 970,2364 1015,2361 1059,2364 1104,2364 1149,2364"/>
                <TextEquiv>
                    <Unicode>lo contorne nuestras regias, para que no diene</Unicode>
                </TextEquiv>
            </TextLine>
            <TextLine id="tr_1761395360_tl_36" custom="readingOrder {index:35;}">
                <Coords points="295,2370 591,2364 591,2414 295,2420"/>
                <Baseline points="295,2415 322,2415 367,2415 412,2412 456,2409 501,2409 546,2409 591,2409"/>
                <TextEquiv>
                    <Unicode>la pronunciación.</Unicode>
                </TextEquiv>
            </TextLine>
            <TextLine id="tr_1761395360_tl_37" custom="readingOrder {index:36;}">
                <Coords points="367,2418 1146,2415 1146,2465 367,2468"/>
                <Baseline points="367,2463 385,2463 429,2463 474,2463 519,2463 564,2463 609,2463 653,2463 698,2463 743,2460 788,2463 832,2460 877,2460 922,2460 967,2460 1012,2460 1056,2460 1101,2460 1146,2460"/>
                <TextEquiv>
                    <Unicode>Si fuéramos á usar el clásico lenguaje caste¬</Unicode>
                </TextEquiv>
            </TextLine>
            <TextLine id="tr_1761395360_tl_38" custom="readingOrder {index:37;}">
                <Coords points="295,2465 1143,2459 1143,2509 295,2515"/>
                <Baseline points="295,2510 337,2510 382,2507 426,2507 471,2507 516,2507 561,2507 606,2507 650,2504 695,2507 740,2504 785,2504 829,2504 874,2504 919,2504 964,2504 1009,2504 1053,2504 1098,2504 1143,2504"/>
                <TextEquiv>
                    <Unicode>lano en nuestros escritos, resultaran pesados y</Unicode>
                </TextEquiv>
            </TextLine>
            <TextLine id="tr_1761395360_tl_39" custom="readingOrder {index:38;}">
                <Coords points="286,2507 707,2507 707,2557 286,2557"/>
                <Baseline points="286,2552 331,2555 376,2555 420,2552 465,2552 510,2552 555,2552 600,2552 644,2552 689,2552 707,2552"/>
                <TextEquiv>
                    <Unicode>con cierto sabor arcaco.</Unicode>
                </TextEquiv>
            </TextLine>
            <TextLine id="tr_1761395360_tl_40" custom="readingOrder {index:39;}">
                <Coords points="370,2561 1152,2558 1152,2608 370,2611"/>
                <Baseline points="370,2606 391,2606 435,2606 480,2603 525,2606 570,2606 615,2606 659,2606 704,2603 749,2606 794,2603 838,2603 883,2603 928,2600 973,2603 1018,2603 1062,2603 1107,2603 1152,2603"/>
                <TextEquiv>
                    <Unicode>As nos parecen hoy los versos y escritos de</Unicode>
                </TextEquiv>
            </TextLine>
            <TextLine id="tr_1761395360_tl_41" custom="readingOrder {index:40;}">
                <Coords points="289,2606 635,2603 635,2653 289,2656"/>
                <Baseline points="289,2651 322,2651 367,2651 412,2651 456,2651 501,2651 546,2651 591,2651 635,2648"/>
                <TextEquiv>
                    <Unicode>los autores clasicos.</Unicode>
                </TextEquiv>
            </TextLine>
            <TextLine id="tr_1761395360_tl_42" custom="readingOrder {index:41;}">
                <Coords points="373,2653 1149,2656 1149,2706 373,2703"/>
                <Baseline points="373,2698 417,2701 462,2701 507,2701 552,2701 597,2701 641,2701 686,2701 731,2701 776,2701 821,2698 865,2698 910,2698 955,2698 1000,2698 1044,2698 1089,2698 1134,2698 1149,2701"/>
                <TextEquiv>
                    <Unicode>También tenemos muchos provincialismos que</Unicode>
                </TextEquiv>
            </TextLine>
            <TextLine id="tr_1761395360_tl_43" custom="readingOrder {index:42;}">
                <Coords points="292,2698 1146,2698 1146,2748 292,2748"/>
                <Baseline points="292,2743 337,2746 382,2746 426,2746 471,2746 516,2746 561,2746 606,2746 650,2746 695,2746 740,2746 785,2743 829,2743 874,2743 919,2740 964,2740 1009,2740 1053,2743 1098,2743 1143,2743 1146,2743"/>
                <TextEquiv>
                    <Unicode>creemos no están mal usados, por aquello de que</Unicode>
                </TextEquiv>
            </TextLine>
            <TextLine id="tr_1761395360_tl_44" custom="readingOrder {index:43;}">
                <Coords points="295,2749 1149,2743 1149,2793 295,2799"/>
                <Baseline points="295,2794 298,2791 343,2791 388,2791 432,2791 477,2791 522,2791 567,2791 612,2791 656,2791 701,2788 746,2788 791,2788 835,2788 880,2788 925,2788 970,2788 1015,2788 1059,2788 1104,2788 1149,2788"/>
                <TextEquiv>
                    <Unicode>luso constante, siempre que no coque con los</Unicode>
                </TextEquiv>
            </TextLine>
            <TextLine id="tr_1761395360_tl_45" custom="readingOrder {index:44;}">
                <Coords points="301,2794 1146,2788 1146,2838 301,2844"/>
                <Baseline points="301,2839 340,2836 385,2836 429,2836 474,2836 519,2836 564,2836 609,2836 653,2836 698,2836 743,2836 788,2833 832,2833 877,2833 922,2833 967,2830 1012,2830 1056,2830 1101,2830 1146,2833"/>
                <TextEquiv>
                    <Unicode>principios esenciales del iona, puede dar caria</Unicode>
                </TextEquiv>
            </TextLine>
            <TextLine id="tr_1761395360_tl_46" custom="readingOrder {index:45;}">
                <Coords points="292,2836 1149,2827 1149,2877 292,2886"/>
                <Baseline points="292,2881 298,2881 343,2881 388,2881 432,2881 477,2881 522,2881 567,2881 612,2881 656,2881 701,2878 746,2881 791,2878 835,2878 880,2878 925,2878 970,2878 1015,2878 1059,2875 1104,2875 1149,2872"/>
                <TextEquiv>
                    <Unicode>de naturaleza algunas palabras, como suncami¬</Unicode>
                </TextEquiv>
            </TextLine>
            <TextLine id="tr_1761395360_tl_47" custom="readingOrder {index:46;}">
                <Coords points="289,2883 1149,2874 1149,2924 289,2933"/>
                <Baseline points="289,2928 298,2928 343,2928 388,2928 432,2925 477,2925 522,2928 567,2925 612,2925 656,2925 701,2925 746,2925 791,2922 835,2922 880,2922 925,2922 970,2922 1015,2922 1059,2922 1104,2922 1149,2919"/>
                <TextEquiv>
                    <Unicode>molonaron, tante y tantas otras melos asperas y</Unicode>
                </TextEquiv>
            </TextLine>
            <TextEquiv>
                <Unicode></Unicode>
            </TextEquiv>
        </TextRegion>
        <TextRegion id="tr_1761395361" custom="readingOrder {index:3;}">
            <Coords points="1180,717 2107,717 2107,2918 1180,2918"/>
            <TextLine id="tr_1761395361_tl_1" custom="readingOrder {index:0;}">
                <Coords points="1221,770 2065,764 2065,814 2021,817 1221,820"/>
                <Baseline points="1221,815 1259,815 1304,815 1349,815 1394,815 1439,815 1483,812 1528,815 1573,815 1618,815 1662,815 1707,812 1752,815 1797,812 1842,812 1886,812 1931,812 1976,812 2021,812 2065,809"/>
                <TextEquiv>
                    <Unicode>más modernas que quimbombó y chayote, cuyo ori¬</Unicode>
                </TextEquiv>
            </TextLine>
            <TextLine id="tr_1761395361_tl_2" custom="readingOrder {index:1;}">
                <Coords points="1215,814 1564,811 1564,861 1215,864"/>
                <Baseline points="1215,859 1250,859 1295,856 1340,856 1385,856 1430,856 1474,856 1519,856 1564,856"/>
                <TextEquiv>
                    <Unicode>en parece atricano.</Unicode>
                </TextEquiv>
            </TextLine>
            <TextLine id="tr_1761395361_tl_3" custom="readingOrder {index:2;}">
                <Coords points="1286,856 2065,853 2065,903 1286,906"/>
                <Baseline points="1286,901 1304,901 1349,901 1394,901 1439,901 1483,901 1528,901 1573,901 1618,901 1662,901 1707,901 1752,901 1797,898 1842,901 1886,901 1931,901 1976,898 2021,898 2065,898"/>
                <TextEquiv>
                    <Unicode>En el mismo caso está puertorriqueño, adjuntar</Unicode>
                </TextEquiv>
            </TextLine>
            <TextLine id="tr_1761395361_tl_4" custom="readingOrder {index:3;}">
                <Coords points="1221,904 2065,898 2065,948 1221,954"/>
                <Baseline points="1221,949 1259,946 1304,949 1349,949 1394,949 1439,946 1483,946 1528,946 1573,946 1618,946 1662,946 1707,946 1752,943 1797,943 1842,946 1886,946 1931,946 1976,946 2021,943 2065,943"/>
                <TextEquiv>
                    <Unicode>y otras palabras que usamos con hastante propie¬</Unicode>
                </TextEquiv>
            </TextLine>
            <TextLine id="tr_1761395361_tl_5" custom="readingOrder {index:4;}">
                <Coords points="1218,943 2065,940 2065,990 2021,993 1218,993"/>
                <Baseline points="1218,988 1259,991 1304,994 1349,991 1394,991 1439,991 1483,991 1528,991 1573,991 1618,991 1662,991 1707,991 1752,991 1797,991 1842,991 1886,988 1931,988 1976,988 2021,988 2065,985"/>
                <TextEquiv>
                    <Unicode>dad, sin que haya una razón para que el quecio¬</Unicode>
                </TextEquiv>
            </TextLine>
            <TextLine id="tr_1761395361_tl_6" custom="readingOrder {index:5;}">
                <Coords points="1218,987 2065,987 2065,1037 1218,1037"/>
                <Baseline points="1218,1032 1262,1035 1307,1035 1352,1035 1397,1035 1442,1035 1486,1035 1531,1035 1576,1035 1621,1032 1665,1032 1710,1035 1755,1035 1800,1032 1845,1035 1889,1035 1934,1035 1979,1032 2024,1032 2065,1032"/>
                <TextEquiv>
                    <Unicode>nario de la academia dele de mencionaras qui¬</Unicode>
                </TextEquiv>
            </TextLine>
            <TextLine id="tr_1761395361_tl_7" custom="readingOrder {index:6;}">
                <Coords points="1212,1035 1731,1035 1731,1085 1212,1085"/>
                <Baseline points="1212,1080 1256,1083 1301,1080 1346,1080 1391,1080 1436,1080 1480,1080 1525,1077 1570,1080 1615,1080 1659,1080 1704,1080 1731,1080"/>
                <TextEquiv>
                    <Unicode>las si puedece eso un olvido.</Unicode>
                </TextEquiv>
            </TextLine>
            <TextLine id="tr_1761395361_tl_8" custom="readingOrder {index:7;}">
                <Coords points="1292,1080 2077,1077 2077,1127 1292,1130"/>
                <Baseline points="1292,1125 1316,1125 1361,1125 1406,1125 1450,1125 1495,1125 1540,1125 1585,1125 1630,1125 1674,1125 1719,1125 1764,1122 1809,1122 1854,1122 1898,1122 1943,1122 1988,1119 2033,1122 2077,1122"/>
                <TextEquiv>
                    <Unicode>El señor laner ha tenido el buen criterio de</Unicode>
                </TextEquiv>
            </TextLine>
            <TextLine id="tr_1761395361_tl_9" custom="readingOrder {index:8;}">
                <Coords points="1218,1122 2068,1122 2068,1172 1218,1172"/>
                <Baseline points="1218,1167 1262,1170 1307,1170 1352,1170 1397,1170 1442,1170 1486,1170 1531,1170 1576,1170 1621,1170 1665,1167 1710,1170 1755,1167 1800,1167 1845,1167 1889,1164 1934,1167 1979,1164 2024,1164 2068,1167"/>
                <TextEquiv>
                    <Unicode>deserrar las lulas nuelas, que no expresan</Unicode>
                </TextEquiv>
            </TextLine>
            <TextLine id="tr_1761395361_tl_10" custom="readingOrder {index:9;}">
                <Coords points="1221,1170 2071,1167 2071,1217 1221,1220"/>
                <Baseline points="1221,1215 1265,1215 1310,1215 1355,1215 1400,1215 1444,1215 1489,1212 1534,1215 1579,1215 1624,1212 1668,1212 1713,1212 1758,1212 1803,1212 1848,1212 1892,1212 1937,1212 1982,1212 2027,1212 2071,1212"/>
                <TextEquiv>
                    <Unicode>entido completo faltando a la simoloria de la</Unicode>
                </TextEquiv>
            </TextLine>
            <TextLine id="tr_1761395361_tl_11" custom="readingOrder {index:10;}">
                <Coords points="1221,1217 2071,1208 2071,1258 1221,1267"/>
                <Baseline points="1221,1262 1265,1259 1310,1259 1355,1256 1400,1259 1444,1259 1489,1259 1534,1259 1579,1256 1624,1259 1668,1256 1713,1256 1758,1256 1803,1256 1848,1256 1892,1253 1937,1256 1982,1253 2027,1256 2071,1253"/>
                <TextEquiv>
                    <Unicode>palabra lausula que viene de eligro que que¬</Unicode>
                </TextEquiv>
            </TextLine>
            <TextLine id="tr_1761395361_tl_12" custom="readingOrder {index:11;}">
                <Coords points="1218,1256 2074,1250 2074,1300 2030,1303 1218,1306"/>
                <Baseline points="1218,1301 1224,1301 1268,1301 1313,1301 1358,1304 1403,1301 1447,1301 1492,1301 1537,1301 1582,1301 1627,1301 1671,1298 1716,1301 1761,1301 1806,1298 1851,1301 1895,1298 1940,1298 1985,1298 2030,1298 2074,1295"/>
                <TextEquiv>
                    <Unicode>le decir cerar y sutila, hace tiempo que se</Unicode>
                </TextEquiv>
            </TextLine>
            <TextLine id="tr_1761395361_tl_13" custom="readingOrder {index:12;}">
                <Coords points="1218,1301 2065,1295 2065,1345 1218,1351"/>
                <Baseline points="1218,1346 1259,1346 1304,1346 1349,1349 1394,1349 1439,1346 1483,1346 1528,1346 1573,1346 1618,1346 1662,1346 1707,1343 1752,1343 1797,1343 1842,1340 1886,1340 1931,1343 1976,1343 2021,1340 2065,1340"/>
                <TextEquiv>
                    <Unicode>sudaba la ciosula en nuestras escuelas en a¬</Unicode>
                </TextEquiv>
            </TextLine>
            <TextLine id="tr_1761395361_tl_14" custom="readingOrder {index:13;}">
                <Coords points="1218,1352 2068,1340 2068,1390 2024,1396 1218,1402"/>
                <Baseline points="1218,1397 1262,1394 1307,1394 1352,1394 1397,1394 1442,1394 1486,1391 1531,1391 1576,1394 1621,1391 1665,1391 1710,1391 1755,1391 1800,1391 1845,1391 1889,1391 1934,1388 1979,1391 2024,1391 2068,1385"/>
                <TextEquiv>
                    <Unicode>pla, al ensenar españo. 1se ven tantas anoma¬</Unicode>
                </TextEquiv>
            </TextLine>
            <TextLine id="tr_1761395361_tl_15" custom="readingOrder {index:14;}">
                <Coords points="1221,1391 1561,1391 1561,1441 1221,1441"/>
                <Baseline points="1221,1436 1265,1439 1310,1439 1355,1436 1400,1439 1444,1436 1489,1436 1534,1436 1561,1436"/>
                <TextEquiv>
                    <Unicode>las en Puerto Rico,</Unicode>
                </TextEquiv>
            </TextLine>
            <TextLine id="tr_1761395361_tl_16" custom="readingOrder {index:15;}">
                <Coords points="1298,1438 2068,1432 2068,1482 1298,1488"/>
                <Baseline points="1298,1483 1307,1480 1352,1480 1397,1483 1442,1483 1486,1483 1531,1483 1576,1480 1621,1480 1665,1480 1710,1480 1755,1480 1800,1480 1845,1480 1889,1480 1934,1480 1979,1477 2024,1477 2068,1477"/>
                <TextEquiv>
                    <Unicode>Es una lástima que el señor laner no haya</Unicode>
                </TextEquiv>
            </TextLine>
            <TextLine id="tr_1761395361_tl_17" custom="readingOrder {index:16;}">
                <Coords points="1218,1480 2068,1477 2068,1527 1218,1530"/>
                <Baseline points="1218,1525 1262,1528 1307,1528 1352,1525 1397,1525 1442,1525 1486,1525 1531,1525 1576,1525 1621,1525 1665,1522 1710,1522 1755,1522 1800,1522 1845,1522 1889,1522 1934,1522 1979,1522 2024,1522 2068,1522"/>
                <TextEquiv>
                    <Unicode>endo cambién independencia bastante para corre¬</Unicode>
                </TextEquiv>
            </TextLine>
            <TextLine id="tr_1761395361_tl_18" custom="readingOrder {index:17;}">
                <Coords points="1224,1531 2074,1522 2074,1572 1224,1581"/>
                <Baseline points="1224,1576 1268,1573 1313,1570 1358,1570 1403,1570 1447,1570 1492,1570 1537,1570 1582,1570 1627,1570 1671,1570 1716,1570 1761,1570 1806,1570 1851,1567 1895,1567 1940,1567 1985,1567 2030,1567 2074,1567"/>
                <TextEquiv>
                    <Unicode>sir los errores de la academia, a la que sigue paso</Unicode>
                </TextEquiv>
            </TextLine>
            <TextLine id="tr_1761395361_tl_19" custom="readingOrder {index:18;}">
                <Coords points="1218,1573 2074,1567 2074,1617 1218,1623"/>
                <Baseline points="1218,1618 1224,1618 1268,1618 1313,1618 1358,1615 1403,1615 1447,1615 1492,1615 1537,1615 1582,1615 1627,1615 1671,1615 1716,1612 1761,1612 1806,1612 1851,1612 1895,1612 1940,1612 1985,1609 2030,1612 2074,1612"/>
                <TextEquiv>
                    <Unicode>paso, Nos consta, que aunque conte esos</Unicode>
                </TextEquiv>
            </TextLine>
            <TextLine id="tr_1761395361_tl_20" custom="readingOrder {index:19;}">
                <Coords points="1218,1614 2077,1608 2077,1658 2033,1661 1218,1664"/>
                <Baseline points="1218,1659 1227,1659 1271,1659 1316,1659 1361,1659 1406,1659 1450,1659 1495,1659 1540,1659 1585,1659 1630,1659 1674,1659 1719,1659 1764,1659 1809,1656 1854,1659 1898,1656 1943,1656 1988,1656 2033,1656 2077,1653"/>
                <TextEquiv>
                    <Unicode>rores no se ha revida enmenlante la plana a la</Unicode>
                </TextEquiv>
            </TextLine>
            <TextLine id="tr_1761395361_tl_21" custom="readingOrder {index:20;}">
                <Coords points="1218,1659 1546,1659 1546,1709 1218,1709"/>
                <Baseline points="1218,1704 1262,1707 1307,1704 1352,1704 1397,1704 1442,1704 1486,1704 1531,1704 1546,1704"/>
                <TextEquiv>
                    <Unicode>orta Corporación</Unicode>
                </TextEquiv>
            </TextLine>
            <TextLine id="tr_1761395361_tl_22" custom="readingOrder {index:21;}">
                <Coords points="1295,1698 2071,1689 2071,1739 1295,1748"/>
                <Baseline points="1295,1743 1310,1740 1355,1740 1400,1743 1444,1743 1489,1743 1534,1740 1579,1740 1624,1740 1668,1740 1713,1740 1758,1740 1803,1740 1848,1737 1892,1737 1937,1737 1982,1737 2027,1737 2071,1734"/>
                <TextEquiv>
                    <Unicode>Pero nosotros creemos que en esta tierra ame¬</Unicode>
                </TextEquiv>
            </TextLine>
            <TextLine id="tr_1761395361_tl_23" custom="readingOrder {index:22;}">
                <Coords points="1227,1743 2080,1737 2080,1787 1227,1793"/>
                <Baseline points="1227,1788 1230,1785 1274,1788 1319,1785 1364,1785 1409,1785 1453,1785 1498,1785 1543,1785 1588,1785 1633,1785 1677,1785 1722,1782 1767,1782 1812,1782 1857,1782 1901,1782 1946,1782 1991,1782 2036,1782 2080,1782"/>
                <TextEquiv>
                    <Unicode>ricana tenemos derecho hacer inovaciones que</Unicode>
                </TextEquiv>
            </TextLine>
            <TextLine id="tr_1761395361_tl_24" custom="readingOrder {index:23;}">
                <Coords points="1224,1785 2077,1782 2077,1832 1224,1835"/>
                <Baseline points="1224,1830 1227,1833 1271,1833 1316,1833 1361,1833 1406,1830 1450,1830 1495,1830 1540,1830 1585,1830 1630,1830 1674,1830 1719,1830 1764,1827 1809,1827 1854,1827 1898,1830 1943,1827 1988,1827 2033,1827 2077,1827"/>
                <TextEquiv>
                    <Unicode>no perindiquen a lo esencial del doma, siempre</Unicode>
                </TextEquiv>
            </TextLine>
            <TextLine id="tr_1761395361_tl_25" custom="readingOrder {index:24;}">
                <Coords points="1227,1835 2077,1829 2077,1879 1227,1885"/>
                <Baseline points="1227,1880 1271,1877 1316,1877 1361,1877 1406,1877 1450,1877 1495,1877 1540,1874 1585,1874 1630,1874 1674,1874 1719,1874 1764,1874 1809,1874 1854,1874 1898,1871 1943,1871 1988,1871 2033,1871 2077,1874"/>
                <TextEquiv>
                    <Unicode>que esas alteraciones esten cortes con el sentido</Unicode>
                </TextEquiv>
            </TextLine>
            <TextLine id="tr_1761395361_tl_26" custom="readingOrder {index:25;}">
                <Coords points="1227,1880 1307,1874 1352,1877 1352,1927 1307,1924 1227,1930"/>
                <Baseline points="1227,1925 1262,1922 1307,1919 1352,1922"/>
                <TextEquiv>
                    <Unicode>omin¬</Unicode>
                </TextEquiv>
            </TextLine>
            <TextLine id="tr_1761395361_tl_27" custom="readingOrder {index:26;}">
                <Coords points="1295,1922 2074,1916 2074,1966 1295,1972"/>
                <Baseline points="1295,1967 1313,1964 1358,1964 1403,1967 1447,1967 1492,1964 1537,1964 1582,1964 1627,1964 1671,1964 1716,1964 1761,1961 1806,1961 1851,1958 1895,1961 1940,1961 1985,1961 2030,1961 2074,1961"/>
                <TextEquiv>
                    <Unicode>Se ve que la Academia, aunque lentamente, va</Unicode>
                </TextEquiv>
            </TextLine>
            <TextLine id="tr_1761395361_tl_28" custom="readingOrder {index:27;}">
                <Coords points="1221,1964 2080,1964 2080,2014 1221,2014"/>
                <Baseline points="1221,2009 1265,2012 1310,2012 1355,2012 1400,2009 1444,2009 1489,2009 1534,2009 1579,2009 1624,2009 1668,2009 1713,2006 1758,2009 1803,2006 1848,2006 1892,2006 1937,2006 1982,2006 2027,2006 2071,2006 2080,2009"/>
                <TextEquiv>
                    <Unicode>recuncando sus errores. La lina edición tras</Unicode>
                </TextEquiv>
            </TextLine>
            <TextLine id="tr_1761395361_tl_29" custom="readingOrder {index:28;}">
                <Coords points="1224,2012 2080,2003 2080,2053 1224,2062"/>
                <Baseline points="1224,2057 1230,2057 1274,2057 1319,2054 1364,2054 1409,2057 1453,2054 1498,2054 1543,2054 1588,2054 1633,2054 1677,2054 1722,2051 1767,2051 1812,2051 1857,2051 1901,2048 1946,2048 1991,2048 2036,2051 2080,2048"/>
                <TextEquiv>
                    <Unicode>separado racionalmente el precrito perfecto. Sus</Unicode>
                </TextEquiv>
            </TextLine>
            <TextLine id="tr_1761395361_tl_30" custom="readingOrder {index:29;}">
                <Coords points="1224,2056 2074,2050 2074,2100 1224,2106"/>
                <Baseline points="1224,2101 1268,2101 1313,2098 1358,2101 1403,2101 1447,2098 1492,2098 1537,2098 1582,2098 1627,2095 1671,2095 1716,2095 1761,2095 1806,2095 1851,2095 1895,2092 1940,2092 1985,2095 2030,2095 2074,2095"/>
                <TextEquiv>
                    <Unicode>res tornas, tienen tan distintas sientraciones y</Unicode>
                </TextEquiv>
            </TextLine>
            <TextLine id="tr_1761395361_tl_31" custom="readingOrder {index:30;}">
                <Coords points="1224,2101 2077,2095 2077,2145 1224,2151"/>
                <Baseline points="1224,2146 1227,2146 1271,2146 1316,2146 1361,2143 1406,2143 1450,2143 1495,2143 1540,2143 1585,2143 1630,2146 1674,2143 1719,2140 1764,2143 1809,2140 1854,2140 1898,2140 1943,2140 1988,2137 2033,2140 2077,2140"/>
                <TextEquiv>
                    <Unicode>sos, que hace yo años, los usabamos nosotros</Unicode>
                </TextEquiv>
            </TextLine>
            <TextLine id="tr_1761395361_tl_32" custom="readingOrder {index:31;}">
                <Coords points="1227,2143 1489,2143 1489,2193 1227,2193"/>
                <Baseline points="1227,2188 1271,2191 1316,2188 1361,2188 1406,2188 1450,2188 1489,2188"/>
                <TextEquiv>
                    <Unicode>separadamente.</Unicode>
                </TextEquiv>
            </TextLine>
            <TextLine id="tr_1761395361_tl_33" custom="readingOrder {index:32;}">
                <Coords points="1298,2188 2074,2179 2074,2229 1298,2238"/>
                <Baseline points="1298,2233 1313,2233 1358,2233 1403,2233 1447,2233 1492,2233 1537,2233 1582,2233 1627,2233 1671,2230 1716,2230 1761,2230 1806,2230 1851,2230 1895,2230 1940,2230 1985,2230 2030,2227 2074,2224"/>
                <TextEquiv>
                    <Unicode>Ya quitará algún dia el artículo, palabra ine¬</Unicode>
                </TextEquiv>
            </TextLine>
            <TextLine id="tr_1761395361_tl_34" custom="readingOrder {index:33;}">
                <Coords points="1227,2235 2074,2224 2074,2274 2030,2279 1227,2285"/>
                <Baseline points="1227,2280 1268,2277 1313,2277 1358,2277 1403,2277 1447,2277 1492,2277 1537,2274 1582,2274 1627,2277 1671,2274 1716,2274 1761,2274 1806,2274 1851,2274 1895,2274 1940,2274 1985,2271 2030,2274 2074,2269"/>
                <TextEquiv>
                    <Unicode>cesaria, que una, rienta y que por usarse siem¬</Unicode>
                </TextEquiv>
            </TextLine>
            <TextLine id="tr_1761395361_tl_35" custom="readingOrder {index:34;}">
                <Coords points="1233,2283 2080,2271 2080,2321 1233,2333"/>
                <Baseline points="1233,2328 1274,2325 1319,2322 1364,2322 1409,2322 1453,2325 1498,2322 1543,2322 1588,2322 1633,2322 1677,2322 1722,2322 1767,2319 1812,2319 1857,2319 1901,2319 1946,2319 1991,2319 2036,2319 2080,2316"/>
                <TextEquiv>
                    <Unicode>pre agregada al nombre, es un verdadero adietivo</Unicode>
                </TextEquiv>
            </TextLine>
            <TextLine id="tr_1761395361_tl_36" custom="readingOrder {index:35;}">
                <Coords points="1227,2322 1462,2325 1462,2375 1227,2372"/>
                <Baseline points="1227,2367 1271,2370 1316,2370 1361,2370 1406,2367 1450,2367 1462,2370"/>
                <TextEquiv>
                    <Unicode>determinante.</Unicode>
                </TextEquiv>
            </TextLine>
            <TextLine id="tr_1761395361_tl_37" custom="readingOrder {index:36;}">
                <Coords points="1304,2376 2074,2367 2074,2417 2030,2423 1304,2426"/>
                <Baseline points="1304,2421 1313,2421 1358,2421 1403,2421 1447,2421 1492,2421 1537,2421 1582,2418 1627,2418 1671,2415 1716,2418 1761,2418 1806,2418 1851,2418 1895,2418 1940,2418 1985,2415 2030,2418 2074,2412"/>
                <TextEquiv>
                    <Unicode>Sobre todo el lo nentro como puede ser artí¬</Unicode>
                </TextEquiv>
            </TextLine>
            <TextLine id="tr_1761395361_tl_38" custom="readingOrder {index:37;}">
                <Coords points="1224,2421 2074,2415 2074,2465 1224,2471"/>
                <Baseline points="1224,2466 1268,2466 1313,2466 1358,2466 1403,2466 1447,2466 1492,2466 1537,2463 1582,2463 1627,2463 1671,2463 1716,2463 1761,2463 1806,2463 1851,2463 1895,2463 1940,2460 1985,2463 2030,2460 2074,2460"/>
                <TextEquiv>
                    <Unicode>culo jamás, si no tiene nuestro idona nombres</Unicode>
                </TextEquiv>
            </TextLine>
            <TextLine id="tr_1761395361_tl_39" custom="readingOrder {index:38;}">
                <Coords points="1227,2462 2077,2456 2077,2506 2033,2509 1227,2512"/>
                <Baseline points="1227,2507 1271,2510 1316,2510 1361,2510 1406,2507 1450,2507 1495,2510 1540,2507 1585,2507 1630,2507 1674,2507 1719,2507 1764,2507 1809,2504 1854,2504 1898,2504 1943,2504 1988,2504 2033,2504 2077,2501"/>
                <TextEquiv>
                    <Unicode>metros, y el encio del artículo es dormar de¬</Unicode>
                </TextEquiv>
            </TextLine>
            <TextLine id="tr_1761395361_tl_40" custom="readingOrder {index:39;}">
                <Coords points="1224,2510 1815,2504 1815,2554 1224,2560"/>
                <Baseline points="1224,2555 1233,2555 1277,2558 1322,2555 1367,2555 1412,2555 1456,2555 1501,2552 1546,2552 1591,2552 1636,2552 1680,2552 1725,2552 1770,2552 1815,2549"/>
                <TextEquiv>
                    <Unicode>nalor al mombre substanto contin¬</Unicode>
                </TextEquiv>
            </TextLine>
            <TextLine id="tr_1761395361_tl_41" custom="readingOrder {index:40;}">
                <Coords points="1304,2564 2080,2555 2080,2605 1304,2614"/>
                <Baseline points="1304,2609 1319,2606 1364,2606 1409,2606 1453,2606 1498,2606 1543,2606 1588,2603 1633,2603 1677,2603 1722,2603 1767,2606 1812,2603 1857,2603 1901,2603 1946,2603 1991,2603 2036,2603 2080,2600"/>
                <TextEquiv>
                    <Unicode>El que llamamos articulo lo es un pronombre</Unicode>
                </TextEquiv>
            </TextLine>
            <TextLine id="tr_1761395361_tl_42" custom="readingOrder {index:41;}">
                <Coords points="1224,2609 2083,2603 2083,2653 1224,2659"/>
                <Baseline points="1224,2654 1233,2654 1277,2654 1322,2654 1367,2654 1412,2651 1456,2651 1501,2651 1546,2651 1591,2651 1636,2648 1680,2651 1725,2648 1770,2648 1815,2648 1859,2648 1904,2648 1949,2648 1994,2648 2039,2648 2083,2648"/>
                <TextEquiv>
                    <Unicode>ndernido que se pone en lugar de nombres, se¬</Unicode>
                </TextEquiv>
            </TextLine>
            <TextLine id="tr_1761395361_tl_43" custom="readingOrder {index:42;}">
                <Coords points="1227,2650 2074,2647 2074,2697 1227,2700"/>
                <Baseline points="1227,2695 1268,2698 1313,2698 1358,2695 1403,2695 1447,2695 1492,2695 1537,2692 1582,2692 1627,2692 1671,2692 1716,2692 1761,2692 1806,2692 1851,2692 1895,2692 1940,2692 1985,2692 2030,2692 2074,2692"/>
                <TextEquiv>
                    <Unicode>ciones o coninto de ellas como lo que la po¬</Unicode>
                </TextEquiv>
            </TextLine>
            <TextLine id="tr_1761395361_tl_44" custom="readingOrder {index:43;}">
                <Coords points="1230,2695 1874,2692 1874,2742 1230,2745"/>
                <Baseline points="1230,2740 1247,2740 1292,2743 1337,2740 1382,2740 1427,2737 1471,2740 1516,2740 1561,2737 1606,2737 1650,2737 1695,2737 1740,2734 1785,2734 1830,2734 1874,2737"/>
                <TextEquiv>
                    <Unicode>Las mas buenas, los hiene suvos, su¬</Unicode>
                </TextEquiv>
            </TextLine>
            <TextLine id="tr_1761395361_tl_45" custom="readingOrder {index:44;}">
                <Coords points="1313,2737 2080,2731 2080,2781 2036,2787 1313,2787"/>
                <Baseline points="1313,2782 1319,2785 1364,2785 1409,2785 1453,2785 1498,2785 1543,2785 1588,2782 1633,2782 1677,2782 1722,2782 1767,2782 1812,2782 1857,2779 1901,2782 1946,2779 1991,2782 2036,2782 2080,2776"/>
                <TextEquiv>
                    <Unicode>vemos que adonta el calicativo detaminame</Unicode>
                </TextEquiv>
            </TextLine>
            <TextLine id="tr_1761395361_tl_46" custom="readingOrder {index:45;}">
                <Coords points="1227,2785 2080,2779 2080,2829 2036,2832 1227,2835"/>
                <Baseline points="1227,2830 1230,2833 1274,2833 1319,2833 1364,2830 1409,2830 1453,2827 1498,2830 1543,2830 1588,2830 1633,2827 1677,2827 1722,2827 1767,2827 1812,2824 1857,2824 1901,2824 1946,2824 1991,2827 2036,2827 2080,2824"/>
                <TextEquiv>
                    <Unicode>que nosotros habiamos adoptado desde el ano</Unicode>
                </TextEquiv>
            </TextLine>
            <TextLine id="tr_1761395361_tl_47" custom="readingOrder {index:46;}">
                <Coords points="1224,2830 1755,2827 1755,2877 1224,2880"/>
                <Baseline points="1224,2875 1262,2878 1307,2878 1352,2878 1397,2875 1442,2875 1486,2875 1531,2875 1576,2875 1621,2872 1665,2872 1710,2872 1755,2872"/>
                <TextEquiv>
                    <Unicode>es, para los artículos el y la¬</Unicode>
                </TextEquiv>
            </TextLine>
            <TextLine id="tr_1761395361_tl_48" custom="readingOrder {index:47;}">
                <Coords points="1301,2874 2083,2874 2083,2924 1301,2924"/>
                <Baseline points="1301,2919 1346,2922 1391,2919 1436,2919 1480,2919 1525,2919 1570,2919 1615,2919 1659,2916 1704,2916 1749,2916 1794,2916 1839,2916 1883,2916 1928,2916 1973,2916 2018,2916 2063,2916 2083,2919"/>
                <TextEquiv>
                    <Unicode>También vemos que como la Gramática, ha</Unicode>
                </TextEquiv>
            </TextLine>
            <TextEquiv>
                <Unicode></Unicode>
            </TextEquiv>
        </TextRegion>
        <TextRegion id="tr_1761395363" custom="readingOrder {index:4;}">
            <Coords points="1004,3087 1484,3087 1484,3166 1004,3166"/>
            <TextLine id="tr_1761395363_tl_1" custom="readingOrder {index:0;}">
                <Coords points="1035,3098 1459,3095 1459,3145 1035,3148"/>
                <Baseline points="1035,3143 1056,3143 1101,3143 1146,3143 1191,3143 1236,3140 1280,3140 1325,3140 1370,3143 1415,3143 1459,3140"/>
                <TextEquiv>
                    <Unicode>Ayuntamiento de Madrid</Unicode>
                </TextEquiv>
            </TextLine>
            <TextEquiv>
                <Unicode></Unicode>
            </TextEquiv>
        </TextRegion>
    </Page>
</PcGts>
