2479 3508
1092 462 1492 524 HERALDO DE LA MUJER
379 567 1212 637 sido hasta aquí como la Biblia, que cada cual la
379 611 1215 682 nerpreta su manera tenemos, que en nuesto
382 653 1212 727 puerpo depre es la parte de la oración que
382 695 1212 772 arre una una unos y porte de es po¬
382 743 1218 820 parte de porios, ellas aparacia, hombre, mano.
391 796 859 858 una queria prud, anu¬
456 826 1215 900 Entendenos por seres todo lo que creo natu¬
391 874 1221 945 raleza yes quiden en grantos prantos.
388 916 1221 987 desariandose los primeros, por la hera ita de
391 964 994 1032 su granismo, como uno que tria.
468 1008 1224 1079 Y los inorgánicos, por la justa posición de sus
394 1059 1030 1127 molcalas como pretra montana, por¬
465 1095 1224 1166 Son en los todo lo que es producto de las ma¬
397 1149 1089 1214 nos del hombre, como una, para causión.
474 1191 1224 1261 Las ideas abstractas no tienen ni borma ni
403 1238 1227 1306 vida son concenciones de la mente, como eluna,
400 1286 1143 1354 aleza, gento, entes y se derrivan de aquitos.
474 1334 1233 1399 También hemos visto con satisfacción que el
394 1379 1224 1444 senor laner ha vuelo tratar de nuestro aplativo,
400 1420 1230 1488 suprimido hacía veinte anos en nuestras escuelas:
474 1459 1233 1530 como el muertes no estudia cos paso, se consi¬
406 1507 1230 1575 eraban rara todos los complementos de ablativo.
480 1555 1230 1626 Sin tener en cuenta que nuestras frases ca¬
406 1600 1236 1670 amanos tienen su caracteristra especial, que las
406 1644 1238 1715 constitue en verdaderos modemos o lagnismos.
400 1683 1238 1757 en los cuales las mas veres el nombre que las por¬
406 1728 1244 1796 ma, no tiene siengración quera de enas y que las
414 1773 1241 1847 preposiciones no seren su principal encio que es
414 1817 1244 1888 este al eno pues que no estan en ago alguno¬
412 1862 1259 1930 son verdaderos advemos o modos alumniales a
412 1904 1250 1975 Manila, y roley me de pera, de ballo, de
417 1961 767 2020 que a biendo su¬
495 1988 1250 2059 Respecto al gentivo, esto de acuerdo con el
420 2035 1256 2106 parecer de la calemia Solo enoresa posesión o
1292 534 2131 620 pertenencia y va regido siempre de la preposición
1283 581 2131 655 de el puro de María, el pueblo de Puerto Rico, en.
1364 629 2131 706 Los demás complementos con de son
1289 698 1456 751 ablativos:
1361 722 2134 799 Murrió de hambre; cayo de cabeza, es de día; me¬
1295 776 1943 843 levante de madrasado son adverbiales.
1373 826 2137 903 Hombre de talento; barco de vela; conjunto de
1304 886 1716 951 prenas son quietuales.
1370 928 2134 1005 La niña de lindo rostro; iris de pas; tratamos
1295 982 2137 1058 de gramática, donación de bienes; asuntos del día,
1307 1047 1650 1106 son circunstanciales.
1376 1089 2143 1166 La jóven está abatida de dolor o por el dolor,
1304 1131 2149 1208 es el abiativo agente de la oración pasiva, que
1304 1173 2140 1255 cuando empresa una acción moral puede usarse
1307 1229 1857 1297 nuistintamente con de o con por¬
1385 1277 2149 1354 En estos cuatro usos del ablativo; puede figu¬
1307 1340 1659 1399 rar la preposición de¬
1385 1382 2158 1455 Cuando la preposición de se coloca ante los
1313 1423 2146 1500 veros subordinados comos rengo deseos de pa¬
1319 1468 2155 1545 car es el de una verdadera conunción, como
1313 1510 2146 1587 podas las preposiciones usadas ante los vertos su¬
1322 1555 2155 1629 perminados. Es este un modismo de nuestro ino¬
1319 1611 1916 1676 ma, que podría llamarse hespanismo.
1391 1653 2158 1724 Aún no hemos leído toda esta gramática con
1319 1698 2164 1769 detenimiento, pero por lo que nemos visto, creemos
1328 1743 2161 1814 que sera de gran benencio en nuestras escuelas.
1325 1782 2158 1859 pues esta explicada con senciller, es correcla¬
1328 1826 2161 1900 mente española, y contiene enseñanzas quiles y
1325 1892 1513 1945 razonadas.
1403 1925 2167 1990 Reiteramos nuestra felicitación al compañero.
1695 2015 2083 2068 Ana Requé de Duprey.
507 2295 1268 2360 Suscribase a HERALDO DE LA MUJER.
423 2349 1143 2414 el periódico femenino por excelencia.
513 2474 1274 2539 Anúnciese en HERALDO DE LA MUJER.
1346 2268 2176 2339 pues es la mujer la que hace el gasto en
1343 2331 1624 2381 los comercios.
1104 2152 1492 2214 las es¬
1436 2403 2173 2468 Si usted quiere ver prosperar sus ne¬
1343 2450 2030 2518 gocios, anunciese en este periódico.
