2479 3508
949 498 1391 569 HERALDO DE LA MUJER
489 602 1877 712 MUNDAL
722 790 1606 867 Selecciones por ATEME.
456 925 961 990 EL SUENO DE CECIL RHODES.
349 973 1119 1049 No fué solamente Rhodes un hombre de acción,
268 1014 847 1082 sino que fue un hombre de visión.
337 1062 1116 1136 Supo conocer el valor del suelo atricano, y de
262 1104 1122 1181 al resule Rodesa. El fué quien alimente la
262 1152 1107 1229 posibilidad de un ferrocarril de Cabo al Carro, y
262 1193 916 1264 sa posibilidad se ha levado elecio.
337 1241 1113 1315 El fué quien se aperibio del peligro de las
256 1280 1113 1360 ramas de la raza germanita, que se desarrollaban
256 1325 1107 1402 aparte y que podian verse envuelas en el conmue¬
259 1373 1110 1449 ta y para prevenir el peligro undo pecas para
250 1408 1107 1488 los jóvenes del Canada muralia Nuena elanda,
256 1453 1110 1533 Arica del Sur. Estados Unidos y alemana, para
250 1498 1110 1578 que fuesen educados into en su alma anter¬
256 1540 388 1599 ostora.
322 1591 1107 1664 Antes de que Rhodes abriese las puertas de
256 1629 1104 1709 ostra con su lave de oro, estas habían permane¬
244 1674 1101 1754 do cerradas para los extranteros. Hasta al los
250 1722 1095 1799 estudiantes americanos que cruzaban el Auánico,
244 1767 1095 1841 para raestudiara ontora, encontraban tantas de¬
247 1812 1101 1885 cultades para trabajar al graduarse que se ban
247 1859 1092 1933 para alemana, donde eran cordialmente recibidos.
238 1904 1095 1975 gorando de iguales privilegios que los estudiantes
241 1943 1095 2020 lemanes. Por consecuencia de esto, por la tria
238 1988 1095 2065 cogida de las Universidades prtancas, y del
238 2032 1086 2109 alegre recibimiento de las universidades alemanas.
232 2077 1089 2154 muelos de los estudianes americanos eran que¬
235 2119 1083 2199 a Conano, y por lo tanto, hechura de alenania.
310 2167 1080 2241 Cuando ovían los Estados Unidos y pen¬
232 2212 1089 2285 paban puestos en las facultades, los vielos colegios
226 2256 1089 2330 neleses tomaban la torna de las universidades
226 2301 1089 2375 emanas Metodos de instrucción alemanes se
223 2346 1083 2420 arroductan, ven las bulotras superaban a los
229 2394 725 2456 neleses, los ibres alemanes.
301 2438 1077 2509 Las pecas de Rodes, hicieron cambiar per¬
226 2480 1077 2554 cepriblemente la ambiera de las instituciones edu¬
223 2522 1071 2599 ativas volala hubiera sucedido esto una genera.
220 2570 1080 2644 con antes, para que los protesores hubieran cado
223 2612 1077 2688 del lado britanco en mayor número de los que
220 2656 388 2712 can hor.
292 2704 1074 2778 Fué un puente que construvo Rhodes aunque
217 2746 1071 2820 un poco tarde entre los anglo satones, y los sa¬
214 2791 1074 2865 nes continentales, pero ese puente un lo pasaran
211 2836 1065 2909 más los alemanes, porque sus beras han sido su¬
214 2883 1065 2957 primidas por el conscio de prección del fondo.
1206 946 2057 1023 Rhodes y esos quince estudiantes alemanes que
1209 990 2057 1070 recibian á laso al año cada uno, han pasado a las
1200 1035 1758 1103 manos de re estiantes ingleses.
1274 1080 2054 1157 La Universidad de ostora se cerro para los
1200 1122 2051 1202 alemanes, y la permanecido abierta para los ame¬
1203 1170 1340 1223 ricanos.
1271 1223 2048 1300 La idea de Rhodes fué educar juntos a jóvenes
1194 1262 1683 1330 de diferentes nacionalidades.
1265 1319 2054 1396 Despues de terminada la guerra, si ese
1191 1361 2042 1438 bajo que se protesan desaparece, los alema¬
1194 1405 2042 1485 nes ran lugatera, y para que la muualidad
1191 1447 2042 1530 ra completa los ingleses volveran a almania y
1188 1495 2042 1572 de todos modos ambos traternizaran en las pli¬
1191 1537 2045 1620 versidades americanas, que serán el lazo de unión
1185 1585 1346 1641 de todos.
1203 1641 2012 1721 LAS MUJERES MEDICOS ESTABLECEN HOSPITALES.
1253 1713 2039 1790 La Asociación Nacional de Mujeres Médicos
1188 1755 2033 1835 de nueva Por la establecia y esta sosteniendo
1182 1797 2036 1879 naro hospitales en Francia y uno en seria y la
1179 1841 2027 1921 enviado Europa más de cien mujeres para pres¬
1176 1889 1477 1951 tar sus servicios.
1397 1961 1809 2029 CRUZ ROIA EN SERVIA.
1241 2023 2024 2100 Diecinueve doctoras americanas están actual¬
1170 2068 2024 2145 mente en los palanes, ayudando á la Cruz Rola¬
1176 2110 2027 2187 Americana en su rabajo de cuidar a los entemos
1173 2158 2021 2232 inalidos, pertenecen al Hospital de Mujeres
1167 2203 2021 2276 de Nueva yo y se encuentran en servia, Monte¬
1164 2247 1447 2303 negro vabania.
1403 2313 1797 2375 LA REINA LATSEPSUT.
1236 2373 2012 2450 Fué esta antigua reina egipcia, la que fomen¬
1161 2418 2009 2491 y el comercio en su país, con los pales estraje
1161 2459 2000 2536 ros disponiendo esosiciones a la tierra de Pun¬
1161 2510 2009 2581 la moderna Somallandia.—las que importaron in¬
1158 2552 2015 2632 cienso cambio de altarería y de otros artículos
1161 2600 1340 2650 de Espo¬
1379 2662 1770 2724 LA DEVOCION DEL SOL.
1224 2725 2012 2799 La reina Thvi, la insigne esposa del esplendi¬
1152 2767 2006 2844 do monarea amentes lla, hija de un principe si¬
1152 2812 2009 2889 rio, fue la reina, que al llegar a Esipto levo con
1149 2853 1543 2918 la la devoción al Sol.
1218 2907 2009 2987 Su hijo Ameotes IV al subir al trono, a los
1030 3095 1453 3148 Ayuntamiento de Madrid
