2479 3508
1086 483 1474 539 HERALDO DE LA MUJER
403 581 1253 646 años, enalteció el culto del Sol, con exclusión
406 623 1241 688 de todos los alones esincios al sol mente de vida¬
412 677 928 733 ue aceptado como una relición.
480 731 1158 790 PENSAMIENTOS DE FEDERICO SANTANDER.
489 773 1241 840 La confianza la da la posesión de una privile¬
414 826 1080 891 siada inteligencia, y un esforzado ánimo.
486 865 1244 927 Los proteores de enerla preconizan como
414 910 1250 975 clave de triunto la invencible reclucion que es
409 952 1253 1017 resore de la vida y el erreto de la lugra Las
417 999 1247 1058 cortas del engreisino y del impulso de perecon y
420 1053 564 1106 ostala.
489 1074 1253 1139 El sabio Consejo de Rustin: Piensa que
409 1116 1059 1184 sobre todo, la acción es lo importante
492 1161 1244 1229 Esta es la quisa a la que debemos mantener¬
420 1208 1259 1273 nos helos, y que es la segura norma de los tenares
417 1250 1250 1315 renecivos, el caminos, un a esta es
417 1298 1256 1357 la estrela que en los valvenes, curvas y agra¬
423 1340 1030 1402 de la vida, marca rumbo indesviable.
1391 564 2155 625 Hasta de las circunstancias desfavorables el
1322 608 2021 673 talento sabe entraer ventajosos resultados.
1391 665 2158 727 Lo ha dicho un biógrafo de Goethe: "Entre
1322 707 2155 769 el hombre amorado, pobre de espirita y el hombre
1328 749 2152 817 de talento, hay una sola dierencias al primer.
1325 793 2158 858 las circunstancias le obligan y levan como una
1328 838 2158 909 pluma el vientos el esundo crea las circunstancias.
1325 886 2158 954 las domina y pliega á su antoio. Y el bloque de
1325 934 2158 1002 granito, que es para el uno iremontable obstáculo,
1328 985 1773 1043 es para el otro un pedestal.
1397 1035 2167 1097 La inteligencia, la sagacidad, el genio, la
1328 1077 2167 1145 superiordad, convienen en pedestales de sus
1328 1122 2167 1184 rintos las montañas que a su paso levanta la
1331 1167 2167 1229 postilidad, y con las empestades movinas para
1334 1205 2164 1276 lograr naturacios, pintos esperos huehan con¬
1331 1259 1839 1318 rientes las velas de sus mares.
1406 1307 2167 1378 A este resultado feliz coaduva el sano opti¬
1331 1358 1967 1420 mismo que entona y vigoriza el ánimo.
516 1874 1262 1942 La telegrafía sin hilos habiendo pro¬
429 1919 1265 1984 bado su utilidad sobre la tierra y sobre el
432 1961 1262 2032 mar, quiso aspirar a otras aplicacionesco¬
426 2020 629 2073 merciales.
522 2053 1262 2115 Hace va algunos años que se empezó
432 2095 1262 2160 en los Estados Unidos sobre todo en Chi¬
438 2140 1268 2205 ago, a proveer los terrocarriles de un
435 2185 1268 2250 campo de talegracia sin hilos que pone en
438 2229 1274 2291 continicación los trenes entre si con el
438 2280 967 2333 piero de evitar accientes.
525 2310 1268 2381 Los trenes rápidos quedan comunica¬
435 2358 1277 2420 dos con las estaciones, los viajeros pueden
435 2400 1274 2465 enviar mensales comerciales. El Canada
444 2450 1149 2512 ambien ha adopendo estas mejoras.
1346 1728 2182 1799 gaciones, se ha sacado en consecuencia,
1346 1773 2179 1838 que parece que existe realmente una ciudad
1343 1812 2182 1879 subarina, a orilas del Mediteranco en
1343 1862 2182 1927 las inmediaciones de la aldea de Fos. En
1343 1904 2185 1966 lecto, cuando hay perturbaciones en el
1349 1943 2179 2011 mar las olas llevan a tierra vasias roma¬
1352 1991 2176 2056 nas, y los pescadores afirman que ven de¬
1352 2038 1979 2100 bajo de las aguas, casas y cales.
1433 2074 2182 2139 La frecuencia de los fenómenos del
1349 2122 2179 2187 cambio del nivel de los los en el Medite¬
1352 2164 2182 2232 raneo, atestignado por el famoso emplo
1352 2212 2185 2276 de Serapis permite creer en la posibilidad
1352 2265 1606 2318 de tal hecho.
1609 2361 1934 2414 La Sanseviera
653 2552 1077 2608 Ciudades sumergidas.
534 2615 1268 2674 Existe en la costa de Bretaña una le¬
453 2656 1274 2718 venda que pretende que en el golo de ponar¬
444 2701 1271 2766 hener se hala ocula bajo las aguas la fa-
450 2749 1277 2811 mosa la ciudad que pertenecia al dominio
450 2803 770 2856 del rey craalon.
540 2830 1271 2897 Después de varios estudios e investi¬
1439 2427 2185 2485 Pertenece esta curiosa planta, tan co¬
1358 2471 2197 2533 mún en nuestros prados, a la familia de las
1361 2516 2203 2578 HAERODORACIAS, tribu de las Livideas. Se
1364 2561 2197 2623 le dio este nombre a este genero, en honor
1364 2606 2188 2665 del principe de Sansenero sabio napolitano.
1444 2644 2188 2706 Esta planta dorece de unio á noviem¬
1358 2695 2191 2754 bre; su espiga de fores blancas nacaradas,
1364 2731 2194 2799 tubulares. Con seis divisiones rencias, van
1361 2776 2188 2838 abriendo poco a poco, como todas las iri¬
1364 2824 2200 2886 deas con las que tiene afinidades a las siete
1044 3077 1456 3127 Ayuntamiento de Madrid
1053 1465 1143 1515 Ce
1259 1579 2036 1641 Cienca
582 1597 1194 1650 en
