2479 3508
979 426 1382 488 HERALDO DE LA MUJER
262 513 1131 581 de la noche. Son fragantes de noche el
265 558 585 617 inodoras de día.
358 608 1131 673 Sus largas hojas son manchadas de
265 650 1125 718 blanco. Son plantas tropicales del antigno
265 695 1125 763 continente y hoy casi silvestres en Puerto
271 740 722 802 Rico y demás Antillas.
355 787 1125 852 Este género produce la magnifica fibra
262 829 1122 897 conocida en América por San piera, y en
259 874 973 942 la india y Africa por donsirig hemo.
355 922 1122 987 Hoyque se cultiva el Henequén en Puer¬
256 964 1122 1032 to Rico, no debe echarse en olvido esta fi¬
256 1011 1125 1079 bra mucho más importante que el sisal.
253 1065 1125 1127 y de tan facil cultivo en esta tierra, pues
262 1110 761 1163 prospera aún en el agua.
352 1149 1056 1211 Tenemos las siguientes variedades:
355 1191 1125 1258 Plama de Sana Teresa SANGEVIENA
250 1238 1119 1306 ALOINA L. Originaria de Africa. Sus hojas
244 1283 677 1342 son muy manchadas.
346 1331 1119 1396 Lengua de paca, Hierba bruia, Lirio
244 1373 1110 1438 cimarron, hieron de Dios, Puerto Rico.
253 1420 826 1482 SANSEVIERA GRANDIELORA L.
340 1468 1110 1533 Sus hojas son muy largas, verde pálido,
253 1513 671 1569 y no tan manchadas.
334 1558 1113 1623 La fibra de sus hojas es blanca, fina
247 1600 1113 1664 lustrosa como seda, muy consistente, y de
244 1644 1110 1709 redejos plateados. Hasta ahora es la me¬
247 1695 1107 1754 jor fibra conocida entre las plantas de este
244 1743 1110 1802 género, y es indudable que este valoso
244 1782 1110 1847 fextil, es una riqueza inexplotada que posee
238 1826 1110 1891 Puerto Rico y esta llamado á ser un impor¬
241 1874 1107 1939 tante ramo de comercio, y fuente quizás
238 1916 800 1981 de una foreciente industria.
1301 531 2068 599 En frica se encuentran otras varie¬
1215 578 1985 643 dades, también en Asia y Sur América.
1304 626 2077 688 S. SESSILIPLORA de China, tiene las
1215 665 1650 727 hojas y espigas rojas.
1301 716 2068 778 S. CARNEA.—Sus flores son blanco ro¬
1212 755 1334 814 sadas.
1298 808 2068 876 Con la sanseviera pueden hacerse, ca¬
1206 856 2068 921 ñamos, cuerdas, telas comunes, telas com¬
1209 901 2065 966 binadas con seda, boas para señoras, co¬
1212 949 1665 1008 gines, plumas y flores.
1298 993 2063 1058 Los mejores mercados para este pro¬
1206 1035 2068 1100 ducto son París, que hace algunos años
1209 1086 2077 1151 pagaba no francos por un quinfal de fibra;
1212 1137 2003 1193 y Londres de L. 40 a L. Ay por tonelada.
1295 1182 2068 1246 La sanseviera crece bien en todos los
1209 1223 2068 1291 terrenos, pero se desarrolla mejor en los
1206 1271 1391 1324 númedos
1468 1277 2065 1336 pantanosos, a orilas de rios
1209 1322 2068 1384 lagunas y cerca del mar. Es un vegetal
1200 1361 1415 1420 igoroso y
1450 1364 2065 1426 dificil de estirpar cuando se
1200 1408 1361 1461 arraiga.
1447 1411 2063 1470 Puede vivir mucho tiempo
1200 1450 1382 1509 sin rego,
1409 1459 2063 1518 y da buenas cosechas durante
1197 1498 1594 1557 doce o quince años.
1289 1552 2060 1617 El producto mínimo de fibra es 22 a
1283 1597 1919 1658 por ciento de peso de las hojas.
1289 1641 2060 1709 Una hectarea puede producir de y a
1200 1683 1713 1748 S mil kilogramos de fibra.
1289 1740 2060 1802 Por estos datos comprenderán los
1191 1782 2054 1847 agricultores cuan beneficioso sería su culti¬
1191 1823 2057 1897 vo, aún vendiendo la fibra en crudo por
1191 1877 1331 1927 ahorra.
1630 1943 2009 1999 LAURA DE BENSAC.
322 2295 1104 2357 Habiendo visto publicado en "La De-
232 2340 1101 2405 mocracia el retrato de la Duquesa DE
232 2385 1095 2447 soy como la mujer más bella de incla¬
229 2432 1095 2494 terra, hemos pensado que en Puerto Rico
226 2477 1104 2542 quizás tenemos mujeres más bellas que
226 2522 313 2578 sa.
322 2573 1089 2638 Por lo tanto establecemos un CER
226 2612 1092 2686 TAMEN DE BELLEZA que abarque la
220 2665 1089 2733 islo entera, y que durará hasta que una
220 2710 1089 2778 señora o señorita obtenga Lo voros,
223 2758 1095 2820 cuando menos. Publicaremos el retrato
217 2803 558 2859 de la vencedora.
334 2859 1925 2939 NOTA: Los que deseen adquirir boletas, deben de enviar su importe y el sello de franqueo.
1265 2310 2051 2381 El producto líquido de este Certámen,
1182 2355 2042 2423 se repartirá entre dos mstituciones bene
1182 2400 2042 2468 ficas. El REFUCIO DE NINOS DESAMPARA
1185 2447 1976 2512 DOS Y EL ZABATO DE LOS NINOS PORRES.
1268 2516 2039 2581 Las boletas para los votantes, se ven¬
1176 2561 2045 2629 derán en casa de la representante de este
1176 2612 2033 2671 periódico en San Juan, Srta. Amparo Fer¬
1176 2650 2042 2721 hández, Alen a; y en Rio piedras, en casa
1170 2695 2042 2769 de Doña América Astol de Fulladosa,
1170 2740 1803 2805 donde reside nuestra directora.
1233 2815 1982 2883 TRES BOLETAS COSTARANS CENTAVOS.
1027 3116 1462 3166 Ayuntamiento de Madrid
537 2077 1737 2148 HERALDO DE LA MUJER
665 2194 1618 2268 CERTAMEN DE BELLEZA
