2479 3508
1089 498 1495 551 HERALDO DE LA MUJER
1000 632 1683 697 L
417 793 976 849 ATENEO PUERTORRIOUENO:
489 865 1262 918 Cada día resultan más sugetivos los lunes del
423 907 561 963 atengo.
498 961 1256 1017 Fiestas de la inteligencia á las que todos de¬
417 999 1262 1061 ben de prestar su concurso en especial las gentiles
406 1047 1250 1100 puertorriquenas quidas hoy de progreso, y so¬
420 1089 1247 1145 las de pores del camino por ese enun sole¬
412 1134 1256 1187 las deletares en un ambiente de que y le puesta
417 1179 1250 1232 en las breves horas que se pasan en esas interesan¬
414 1220 620 1276 las veladas.
489 1271 1256 1327 Ahora vemos en la prensa, la decisión de su
414 1313 1250 1369 ilustre arreiva, que muy seriadamente ya a po¬
420 1358 1250 1414 mover conferencias cienticas tambien, que tan¬
420 1402 1259 1458 formaran este centro, que enorgullere Puero
417 1438 1247 1500 tro en tro de un y de saber que radiara sus
417 1489 1253 1542 esplendores por todos los ambitos de nuestra ama¬
412 1534 1259 1587 la isla y sobre todo por esta ciudad, encanto de
412 1576 1250 1632 podos los que hemos nacido en esta bella esme¬
412 1620 746 1673 ralda del allánico.
423 1692 994 1745 ¡ARINUESTRA UNIVERSIDAD
489 1749 1155 1805 Centro de luz, centro de esperanzas....
483 1794 1247 1850 En ese recinto augusto se esta luidando, con
412 1838 1247 1894 esonera perseverancia, el puro de Puerto Rico.
489 1889 1218 1945 ¡Bendita seas. Universidad Puertorriqueña!
486 1943 1247 1996 ¡Cómo se expande el alma al considerar el
412 1985 1244 2038 entusiasmo con que nuestra inventa, sobre todo
414 2029 1241 2082 la mujer viene lamar las puertas de templo
414 2071 1241 2124 de inerva en busca del pan de la inteligencia.
409 2116 1238 2166 que el gran espirin ya esparciendo la emi¬
412 2158 1241 2214 la del saber por todos lados, y dejando resueros
414 2203 1247 2256 de luz vivisima que suminara en un poderos,
406 2247 1238 2300 anes del progreso en esta nuestra idolada pera.
504 2292 1238 2351 Educad á la mujer y ella civilizará a los
406 2340 549 2393 pueblos.
477 2397 1167 2453 ¡Benditas normalistas y estudiantes todos
412 2438 1241 2500 vosotros trabajas para engrandecer la patria..
471 2492 1233 2548 El alma de una compatriota entusiasta y pro¬
403 2540 1233 2593 gresista, esta y estará siempre con vosotros in¬
406 2582 1238 2638 fundiendos los enuvios redenores del ansia de
409 2627 1238 2680 saber y de alenta nobles ideales por humanismo.
409 2671 1241 2721 por patronsmo, y para que podas cumplir con¬
397 2710 1233 2766 ciencia los altos deberes de la vida y los que al
400 2752 1188 2808 nacer habes contrado, con esta nuestra patria.
471 2803 1238 2856 ¡Adelante que el mundo es de los que estu¬
394 2847 1158 2903 dian y de los que se esfueran por progresar.
1331 799 1934 858 A.—FLUENCIA EXTRAORDINARIA.
1394 2818 2152 2874 Esta revista se complacerá en publicar todas las
1313 2853 1922 2909 motas que la empien de la unerada.
1409 862 2182 918 Parece que este año hay mayor afluencia de
1334 907 2021 963 estudiantes que nunca en la niversidad.
1403 949 2176 1002 Según se nos asegura, han ingresado en el
1337 990 2176 1049 curso preparatorio para maestros furales, cerca
1337 1035 1943 1091 de po, en su mayor parte señoritas.
1409 1089 2170 1145 Sacerdotisas de la civilización que van a re¬
1334 1134 2170 1187 gar la semila del progreso por los campos risue¬
1331 1173 2125 1232 los de nuestra patria que el esto les sonria.
1334 1235 1764 1291 ACADEMIA ARTEAGA.
1403 1298 2170 1354 Establecida en Rio Piedras bajo la dirección
1334 1340 2179 1399 de este viernoso del piano, ha aprobado ahora un
1334 1388 2167 1444 buen nuelen de estigantes, Nuestra lencinación.
1337 1444 1668 1503 BODAS DE ORO.
1394 1510 2179 1566 Acaban de celebrarlas, rodeados de sus hijos
1334 1558 2167 1611 netos, en San Juan, los distinguidos esposos
1325 1594 1982 1653 don Pedro lula y dona serarna pavilla.
1409 1638 1767 1694 Nuestra enhorabuena.
1328 1701 1919 1757 CASA PENSION DE SERORITAS.
1397 1761 2164 1820 Muy favorecida se ve este año, la de la dis¬
1325 1806 2057 1862 tinguida enora america Astol de Fuladosa.
1403 1850 2164 1906 Estan encomendadas a su cuidado, las seno¬
1325 1892 2167 1951 juas pupilencia Berlos de Varcos. Antria
1325 1937 2164 1993 Nigasima y Ana Harisiona de Pones, por¬
1325 1982 2164 2041 Ancia Caran y Rona una cario, de Sabana
1319 2020 2161 2082 grandes inaria, Santa, protesora, hala Pre.
1325 2068 2152 2124 Antenta Mugas. Malia. Cracan, angala ca¬
1322 2113 2158 2169 una de luna paz, el verales ponceno, Mri¬
1328 2158 2164 2214 Quienes de laticas lalma y luegan la roro.
1328 2203 2155 2259 y Ana Bula Rara de Santice, y sural sore.
1322 2244 2068 2297 hija de la genta plea Tavaren de San Juan
1388 2286 2152 2342 Prengo porque de hermosas dores de mues¬
1319 2328 1692 2381 tra privilegiada tierra,
1391 2373 2164 2429 La señorita Harineron ha demorado unos días
1322 2418 2161 2474 su venida porque ha tenido la desgracia de perder
1316 2459 2155 2518 su senora madre, justamente cuando se asponta
1322 2507 2155 2563 raladare Ro Pedras contimar sus estu¬
1319 2549 2158 2608 dos de bachillerato. Sus compañeras le envian
1316 2591 1567 2644 su condencia.
1385 2636 2152 2691 Todas estas jóvenes vienen ansiosas de ad¬
1313 2680 2161 2736 quir conocimientos para ayudar al engrandeci¬
1316 2722 2152 2778 miento pario, Pago a las mujente pel por¬
1319 2764 1430 2817 VER.
1035 3077 1456 3130 Ayuntamiento de Madrid
