2479 3508
268 540 785 608 AGUAS Y SU PROGRESO.
349 608 1140 673 Es admirable el adelanto que va obteniendo
268 653 1131 715 la hermosa ciudad del Turabo. Elementos pro¬
271 704 1131 763 gresistas como el señor sameniarán los esposos
268 743 1128 805 Arcelay y tantos oros, cuyos nombres no por¬
265 787 1134 852 damos impulsan toda idea altruista, y razan el
265 835 1128 897 bien manos llenas dando un hermoso ejemplo
265 877 695 939 de imitación. Adelante.
268 937 597 996 CONDOLENCIA.
331 1002 1134 1061 La damos muy sentida a los esposos Aponte¬
268 1044 1131 1109 Riera de Humacio, por la nueva desgracia que
268 1092 955 1154 les hiere con la muerte de su hijo Fran.
268 1149 1131 1211 EL COLEGIO DE AGRICULTURA DE MAYAGUEZ
310 1191 1119 1258 VIA ESCUELA POLITECNICA DE SAN CER.
313 1241 409 1294 MAN.
340 1307 1131 1369 Son dos centros docentes que hacen honor a
262 1349 1122 1414 Puerto Rico. Cada dia sus progresos son ma¬
265 1399 376 1449 yores.
262 1459 737 1518 E.UGENIO DESCHAMES.
340 1525 1119 1584 Acaba de morir ese notable intelectual domi¬
256 1570 755 1629 nicano. Los buenos se van.
256 1632 540 1688 F... EMINISMO.
337 1701 1128 1760 Es un valioso triunfa para nuestra causa que
265 1749 1125 1805 la tala inmortal haya concenido el voro a la mu¬
265 1797 1125 1850 jer. Duedan Francia y España con la despótica.
265 1835 922 1894 Turada en especiativa. Veremos.
256 1895 507 1951 HIMENEO.
334 1964 1125 2023 Han realizado su sueño de amor en Barran¬
256 2009 1122 2068 quitas, la distinguida señorita Isolina del roro y
256 2056 1122 2115 el senor de lestia Villamil peseamos para ellos
259 2098 865 2157 que sea la vida una senda de hores.
256 2170 835 2229 INSTITUTO IOSE DE DIEGO.
337 2238 1119 2294 Atendiendo a la crisis porque pasa la instru¬
256 2280 1125 2339 ción en Puerto Rico, por la falta de maestros, esta
259 2328 1119 2387 plantropica institución ha abierto sus pueras a los
256 2373 838 2426 niños pobres, así se hace patria.
1289 770 2080 831 Que recupere pronto su salud son nuestros
1215 811 1346 867 deseos.
1212 883 2077 948 LASOCIEDAD PROTECTORA DE LA IUVENTUD.
1289 958 2083 1020 Hermosa sociedad que se está cristalizando
1215 1002 1868 1061 con miras beneficas. Lo aplandimos.
1219 1067 1943 1136 —ENORA AMALIA MARIN DE MUÑOZ.
1286 1146 2077 1208 Habiendo pasado una pequeña temporada en
1215 1188 2077 1249 Puerto Rico la distinguida esposa de Muno Ri¬
1221 1235 2077 1297 vera se marena para Estados Unidos que lleve
1212 1280 1871 1342 elosísimo viate son nuestros descos.
1215 1337 1922 1414 TEATRO Y ESCUELA DE HUMACAO.
1283 1423 2077 1485 Don Manuel Argueso, siempre amante de su
1215 1468 2074 1527 ciudad natal, ha contribuido con una fuerecan¬
1212 1513 2074 1575 ridad para la construcción de hermoso taro que
1206 1561 2077 1623 se ya levantar en terenos de la sucesión quero.
1215 1603 2074 1667 Tambien va a cantar por en cuenta una escuela.
1209 1650 1988 1712 Esta de enorabuena la bella ciudad oriental.
1221 1710 1916 1781 VENUS Y LOS ÚTIMOS TEMBLORES:
1280 1794 2074 1853 En agosto hemos tenido una erupción del Ve¬
1206 1838 2068 1897 sabio, temblores en San Salvador y en Puerto Ri¬
1206 1880 2071 1945 ro concidiendo con el aceramiento del planeta
1212 1925 1606 1987 Venus a nuestra derra.
1277 1982 2074 2041 Y todavía hay personas que ponen en duda
1209 2029 2068 2091 que los temblores se deben, las más de las veces,
1206 2071 2071 2136 la mayor atracción que sieren los plantas
1206 2116 2068 2178 cuando se acercan a nosotros, debido a las ondu¬
1206 2164 2065 2223 laciones de sus gritas. Por que no estudiarán
1209 2209 2065 2268 eso con detención Nosotros lo venimos obser¬
1209 2253 2071 2315 vando hace años, y cada dia los hechos vienen
1200 2298 1698 2357 confrmandonos esta verdad.
1612 2385 2036 2444 MARGARITA DEL PRADO.
1215 558 1624 620 MONSEROR IONES.
1292 623 2083 685 Un tanto mejorado de la grave enfermedad.
1221 671 2080 733 que le aquetaba, el señor obispo ha marchado á
1218 713 1442 769 Nueva Pon.
573 2531 812 2584 CARADA
328 2641 1116 2703 Sinónimo es mi prima de algo muy inmenso,
253 2692 1024 2748 que es manso o poderoso con turias de unan¬
334 2743 1122 2799 O refleja del cielo los mil celajes bellos, for¬
247 2794 919 2853 mados en el éter, do esfumándose van.
334 2847 1113 2906 Y que contempla alerta soldado diligente, des¬
253 2895 877 2951 de za, sa, y la, sin reposar lamas.
1280 2519 2063 2578 Tan sólo le acompaña su cuca za, y la, mien¬
1197 2561 2063 2623 tras su esposa la y las y sa, y a, su hija, ron¬
1194 2609 1851 2668 can de lo indo en su casa del painar.
1280 2662 2063 2721 Mi todo es un emblema de airosa sencillez; y
1203 2704 2071 2766 es por mujer e ila, donde el mar deposita, la
1200 2752 2063 2811 prenda misteriosa de perlas enguisitas, que encan¬
1203 2800 1809 2856 to prestan luego al pecho de mujer.
1271 2856 2071 2918 Se publicarán los nombres de las personas que
1197 2901 1531 2960 envien la solución.
940 462 1370 521 HERALDO DE LA MUJER
1027 3119 1465 3169 Ayuntamiento de Madrid
