2479 3508
382 504 468 572 18
1086 504 1498 554 HERALDO DE LA MUJER
803 647 1701 700 Cona pre rorever
1388 802 1991 855 Novela por Ana Roqué de Duprey.
435 934 1086 990 Todo estaba dispuesto para la marcha.
444 979 1209 1032 El que esperaba en la gran esplamada de con¬
361 1020 1203 1076 ro que reinata, el chaberlo que nues¬
373 1068 1200 1121 mente se hubiera lamado el pura y nato her¬
364 1110 1209 1169 mos parales que negro dos blanos y el pue¬
370 1152 1203 1208 manchado plataban impaciones unto al monta¬
370 1196 1200 1252 dero esperando la na mano encantada que ha¬
373 1241 635 1294 pa de guiarios.
441 1292 946 1348 La mañana estaba esplendida.
450 1343 1206 1399 Una hermosa mañana de febrero, encantadora,
364 1385 1200 1441 luminosa feca, una mañana primaveral, con¬
373 1429 1206 1485 da por un cielo azul y alatano, y sagrada de los
364 1471 1200 1527 suaves perfumes de las dores silvestres que vetan¬
352 1513 1203 1569 se por domujer va en el suelo, donde formaban
367 1558 1209 1617 rabeso de varios bonos las convolvulceas con
373 1603 1203 1658 sus campanulas celestos planas, rosacas las
373 1647 1200 1700 moradas va en los amboles que aparecian pere¬
364 1689 1197 1745 dos de dininuras norecilas de colores vivos, en¬
364 1731 1197 1790 tre ellos las pendulas alalas, alelos morales.
373 1779 874 1829 ponarosas galan de na, se¬
432 1826 1203 1882 Aún el sol no había salido de detrás de las
364 1871 1203 1927 montañas, y e sa el regoriado cano de los
364 1916 1206 1969 igueros y suainambies, unido al tiste lamento de
364 1961 1200 2017 la forola nuestre, que con el muerdo de las vacas.
367 2000 1206 2056 levaba a nuestro ánimo, la agradabicina idea
364 2044 1194 2100 de que nos encontrabamos en un campo de Puere
364 2086 1197 2142 Rico, en medio de una naturaleza esplendida y
367 2134 549 2187 grandiosa.
435 2185 1197 2238 Hacia el norte percibíanse los picachos de
370 2229 1197 2282 la cordillera central de la islar y hacia el la
364 2271 1197 2327 raya verdosa del mar contunida con el horizonte.
429 2322 1203 2378 Hacia el Sureste percibiase distintamente
364 2364 1203 2423 el sione de cala de Muerto, cual una siganesea
364 2409 1200 2462 palena que mae el sol y allá en la lejanta una
367 2453 1203 2506 blanca vela que brillando con los primeros lampos
367 2498 1194 2551 del autores, paresta una de esas ilusiones venu¬
367 2537 1203 2596 rosas de la vida que caricia, solo el que es joven.
367 2585 1203 2638 que se estuman siempre en el brumoso horizone
367 2630 546 2680 del existir.
435 2677 1197 2733 El primero en bajar la gran escalinata del
361 2722 1203 2775 chaler que por quierno, el angrión de quel
358 2764 1197 2817 nido encantado, el que pesar de sus incuenta
358 2809 1191 2862 años conservabe pragante y oloradoro, sana¬
358 2853 1200 2906 recho con la inmensa fortuna adquirida en estos
1286 937 2128 987 pocos años, en que a costa de la guerra, el azúcar
1289 982 1833 1035 ha alcanzado tan buenos precios.
1355 1026 2125 1076 Signible su segundo hijo lorse, joven de na
1286 1065 2122 1121 amos, y ya un buen ingeniero agronomo, el cual
1283 1110 1833 1163 a la mano derecha de su padre:
1373 1155 2122 1205 Estamos listos, lorge, esta todo en or¬
1283 1191 1367 1246 den?
1361 1235 1677 1288 --A pedir de boca.
1370 1277 2125 1330 Pues avisa a Lella y a Miss Storred, que
1286 1328 1552 1378 podemos partir.
1379 1376 2051 1426 Allí vienen con William y Mr. Kuight,
1355 1420 2116 1476 Gozosas bajaron precipitadamente las esca¬
1286 1468 2122 1521 teras las dos señoritas con trajes de amazonasa
1286 1513 2125 1563 la americana, propios para montar en sila de
1277 1552 2116 1605 hombre y ayudadas por los jovenes, se acomoda¬
1286 1597 2122 1650 ron en los caballos blancos, los que maneraban
1277 1641 1964 1694 vinamente provistas de sus lauguillos.
1355 1689 2119 1745 Wiliam, el hijo mavor de Don Guillermo.
1277 1734 2116 1787 motable abogado, era el prometilo de las Sura.
1277 1779 2128 1829 obrina de Mr. Ruign a quien habían conocido
1283 1820 2110 1873 Villan y Lella en Nueva Jont, cuando este ame¬
1277 1868 2122 1918 ricano entre como socio en la magnica centra
1277 1910 1552 1963 que exoloraban.
1355 1961 2116 2014 Mr. Enight aspiraba al amor de la hermosa
1277 2006 2122 2059 Lela, y al parecer, ella le correspondia, pues¬
1277 2050 1848 2100 para el gran todas sus deferencias.
1349 2098 2107 2151 En el auto, acompañadas de Don Guillermo y
1286 2143 2116 2196 Jorse, iban las y voleta, dos parentitas lejanas
1280 2185 2122 2238 de pon quilerno, que este había adopiado desde
1277 2229 2113 2282 ninas, cuando vivia su esposa y los habla dado
1280 2274 2039 2324 una educación brillante al gualque a su hija
1349 2325 2122 2375 Eran estas dos jóvenes dos tipos opuestos de
1280 2367 2110 2420 belleza Viola era de baja estatura, ribia, de ma¬
1277 2412 2119 2462 do cabello vojos amales enta pla la espiritua¬
1280 2456 2116 2509 lidad de la mujer trancesa, pues su padre era
1280 2501 1976 2554 priundo de la gran patria de vitor mugo.
1349 2549 2113 2605 En cambio Iris era una andaluza muy blanca,
1277 2594 2110 2647 de pios españoles, muy negros como el cabello.
1277 2638 2113 2691 y la para como una granada en dor, con un gra¬
1277 2680 1731 2733 oro hovuelo en la merila.
1349 2722 2119 2778 roda era gracia y simpatía, aunque en medio
1274 2764 2113 2820 de su desenvolura natural, se adivinaba la mujer
1280 2812 1564 2862 seria y sona lora.
1343 2856 2119 2909 Ambas eran huérfanas y muy pobres, sólo
1032 3077 1462 3127 Ayuntamiento de Madrid
