2479 3508
946 453 1373 509 HERALDO DE LA MUJER
268 546 1149 599 tenían la protección de su lejano tío, aunque ellas
271 593 594 646 no eran hermanas.
346 635 1143 688 La cabalgata se puso en camino por una ala¬
268 683 1149 736 meda de brucaros o picares, cuyas hores rojas
268 731 1059 781 altombraban el suelo, palmas reales y cebas.
352 776 1149 826 Mr. Ruien adelantose con ella, en tanto que
280 820 1155 873 van marchaba al lado de la bella americana
1224 534 2101 593 que no se cansaba de admirar la naturaleza explen¬
1233 587 1603 640 ida de Puerto Rico.
1307 632 2101 688 Don Guillermo y lorge bromeaban con las
1233 695 1546 751 primas en el auto.
1304 752 1791 805 Su paseo no fué muy largo.
767 952 1525 1005 PLUMAZO
850 1050 1549 1106 NUESTRAS MUJERES
358 1196 1152 1249 Son las capitaleñas muy distinguidas, en ex¬
283 1244 1041 1297 remo sociales caritativas y muy educadas.
358 1286 1158 1342 Llevan en mucho gracia trajes sencillos, son
283 1331 1161 1387 obre polo despreocupadas. No les importa nada
289 1379 1155 1435 que las poncenas, el protorpo de la elegancia
289 1429 618 1479 siempre sean ellas.
361 1465 1158 1524 Ní que la mayaguezana tenga de espirituali¬
289 1516 1164 1572 dad y cultura rica diademas ni que la aguadilena,
286 1561 1164 1617 bella y simpática, sea decidora y alegre como unas
295 1603 1158 1667 pacenas ni que las angermenas sean cultas e ilus¬
298 1656 668 1706 tradas como Minerva.
373 1704 1158 1763 Ni que la cagueña baile como una silfide; y
292 1746 1152 1808 la suavanesa, la recibena, la falarana, huma
292 1794 1167 1853 cuena, bavamonesa y demás bellas de esta hermo¬
295 1838 1170 1903 a tierra de los amores en gracia y gentilera tan¬
298 1886 1167 1942 bien comptan, con las damas más encumbradas
304 1934 1167 1993 y más bonitas de esta raza privilegiada, que de
301 1979 1167 2041 a los ojos de todas clara las neguras profundas
301 2023 1167 2085 deconocidas de esos abismos de sentimiento, de
298 2065 1167 2130 inteligencia de idealidad y de amor de algo mis¬
298 2113 1170 2175 terioso y grande, que re y palpita, en el fondo de
298 2164 1176 2220 sus pupilas, como promesas dulces y halagadoras,
1244 1179 2113 1243 de placeres y dichas embriagadoras de ardientes
1244 1226 2110 1294 y siblimes arrobamientos del vibrar de la vida.
1244 1286 1642 1336 atmos sin cuento.
1322 1325 2113 1390 ¡Que espirituales, y qué graciosas son esas
1244 1370 2113 1432 guinas de carne rosa, que donde quiera encon¬
1244 1417 2119 1476 ramos revoloreando, alegres y bunciosas, como
1247 1462 2113 1524 jadas de ensueño, como decías belluras, cual
1247 1510 2125 1569 bellas y pintadas hores con vida, cual mariposas
1247 1564 1779 1614 de alas de oro, de gasa y seda.
1319 1608 2119 1667 Es la mujer riqueña muy distinguida, inteli¬
1250 1656 2116 1721 gente y tierna. Dulce cual los nectarios de nues¬
1250 1701 2119 1760 ras nores, y como el aguarade jugo de muestras
1247 1758 1367 1808 cañas.
1334 1803 2128 1859 Como madre, modelo de abnegación inmensa.
1256 1844 2125 1906 como estosa, consuelo del ser dichoso que logra
1253 1895 2131 1951 antivarles y como hija es carmosa, del vamante,
1253 1934 2122 1996 asi es amiga fesoro hermoso que con mano pro¬
1256 1985 1952 2047 diga derran en esta tierra Naturalera.
1331 2041 2128 2097 Es orgullo de propios, y ornato de América,
1253 2086 1931 2145 la espiritual y graciosa puertorriqueña.
1833 2146 1994 2196 LOTIS.
534 2367 1922 2426 las 4 1RIO CIA MU FICula
331 2468 2107 2551 Las dará Miss Nora Hacaley a horas particulares. Puede ir también a santurce.
841 2561 1609 2626 PRECIOS DIOS
1450 2653 1964 2712 Francisco González Fagundo.
385 2665 1134 2733 Torrefacción de Café movida electricamente
1468 2734 1937 2793 ABOGADO NOTARIO.
844 2749 1194 2805 F. ISERN, Manager.
310 2761 635 2814 E. ISERN.—POD.
1922 2788 2143 2838 P. O. No...
1265 2800 1492 2850 Teléfono sa.
423 2803 1080 2865 Café tostado y molido a todas horas.
1498 2844 1916 2897 Calle Domingo Quijano.
537 2865 967 2924 Depósito: Calle Nueva.
1916 2892 2146 2945 Puerto Rico.
955 2910 1453 2963 Puerto Rico. Humaca.
301 2931 495 2984 H umaca.
1024 3131 1462 3181 Ayuntamiento de Madrid
