2479 3508
859 1444 943 1494 pa¬
364 1495 1238 1557 ción, tanto para las señoras como para los niños de todas edades.
623 1552 785 1605 SEDAS
391 1597 1038 1661 En seda los tejidos más en uso, son los ligeros
370 1641 1030 1703 delicado creos de cuna comene cu¬
364 1683 1027 1745 tan rusa quen de en su ros es¬
364 1725 1027 1790 los en laros hermanos y sumamene
361 1773 856 1832 quertes por de en elemera
394 1829 1030 1897 Nada más bello y sugestivo que un grupo de
364 1874 1024 1939 precios ventas en sus las pimis.
364 1922 1027 1984 pues sensan la arma en una durena.
361 1961 1027 2029 en la venta de que la mujer á una lo en
361 2006 1024 2070 alma que por al hermosa y sureta, supa¬
1710 1561 1907 1611 HECHURAS
1522 1585 2110 1644 como se ve en los modelos los trajes no se
1498 1614 2116 1673 necanecesamente en muere pe¬
1501 1644 2116 1703 lante enemos tan en parte muestro que es
1504 1674 1946 1730 pres moles para a embre.
1513 1701 2113 1760 arramas pasan el en el pue¬
1501 1731 2113 1790 una derre una escapacias en pue¬
1501 1764 2119 1817 y desenciona ambren en en los
1492 1791 2107 1847 enta que mas enterna ma, por ene¬
1492 1817 2116 1879 que es la mente queres que ma, se¬
1495 1847 1585 1900 No
1516 1874 2110 1936 siempre se ha dicho que en la senciller es¬
1507 1907 2110 1963 la prema damente en la en les.
1507 1940 2113 1993 de muerra de amiento de memor es
1498 1967 2110 2023 manes suscas perre una que es
1498 1994 2116 2056 las masaber amor en peno de en
1495 2023 1573 2076 mo
1009 522 1519 578 MODAS
997 575 1534 634 ACOSTO Y SEPERE
1035 2364 1483 2426 a las flores más preciadas del
1032 2403 1376 2459 ma entera san¬
1068 2447 1567 2509 Estos trajes de calle con mu¬ A
1041 2492 1483 2545 aguani aprene, en mu¬
1035 2522 1477 2587 muera la men muy
1041 2564 1483 2623 mate de pre como
1041 2600 1191 2650 que
1062 2647 1480 2709 Las bluas para diario cada
1038 2683 1477 2742 nas muer un en las na
1035 2719 1477 2781 y una mar la
1032 2755 1307 2814 ta del me.
1062 2806 1483 2868 Los patrones de estos modelos
1041 2847 1483 2906 pues quente en en la
1030 2883 1421 2942 cuan, en san inar en
1050 3080 1453 3130 Ayuntamiento de Madrid
