2479 3508
841 674 1851 733 F. Cra a co¬
904 847 1776 906 San Francisco esquina San lusto.
832 1086 1937 1139 Llegados ahora por este correo, esta casa tiene un
746 1152 1928 1211 esplendido surtido de Trajes Preciosos de Corte Moderno,
755 1220 1928 1279 Telas primorosas de Crepé de China, etamina Georgette,
749 1292 1931 1345 Punto. Taffeta, combinado todo con crespón aéreo.
752 1355 1931 1417 Vengan a esta casa las más bellas flores del pensil riqueño,
743 1429 1588 1485 y saldrán más bellas con tan rico atrezzo.
737 1677 1047 1727 San luan,
444 2068 1797 2121 CLASES DE ARIMELICA Y ALGEBRA
767 2188 1513 2238 PARA LOS ESTUDIANTES
752 2310 1561 2363 ESPAL
677 2394 1561 2447 PARA LOS AMERICANOS
743 2471 1486 2527 por ANA ROOUE DE DUPREY.
838 2540 1379 2596 RIO PEDRAS, PUERTO RICO.
620 2803 1639 2856 DIRUILLIL
1027 3116 1465 3169 Ayuntamiento de Madrid
