2479 3508
659 1767 1865 1829 Pas HOWARD
788 1901 1803 1957 Con cidos en todas partes del mundo.
782 1991 1848 2044 Elogiados por los artistas más famosos.
674 2074 1907 2130 Fabricados especialmente para los países tropicales
707 2164 1877 2220 El HOWARD es el piano elegido por la mayoría
791 2250 1788 2306 de los grandes Conservatorios de música,
877 2337 1716 2390 EN PUERTO RICO HAY MAS DE
1009 2421 1579 2471 UN MILLAR EN USO
1137 2495 1465 2545 VISITENOS
758 2603 1830 2656 ANCHEL MURALES & Co. Inc.
1018 2659 1582 2712 LA CASA QUE VENDE LO MEJORD
1149 2773 1877 2832 Ponce.... Mayaguez
686 2782 1035 2835 San Juan,
1035 3077 1465 3133 Ayuntamiento de Madrid
