2479 3508
531 1015 2030 1076 Ford Motor Company
543 1224 2068 1270 Detroit, Mich, E. U. A., de Octubre.—El tremendo aumento ha-
489 1287 2071 1333 bido en las ventas de la Ford Motor Company durante los tres pri-
486 1350 2077 1396 meros trimestres del año actual es una prueba de la rapidez con que
483 1410 2074 1458 el favor del público está cambiando hacia los automóviles ligeros
486 1475 2071 1521 que permiten hacer frente de una manera más satisfactoria a las
483 1535 1041 1581 dificultades del tráfico.
537 1610 2071 1659 Un análisis detenido de estas ventas demuestra que esta tenden-
483 1678 2074 1721 cia no se limita a los compradores de coches atomóviles sino que se
489 1738 2080 1790 extiende también a los compradores de autocamiones, los cuales han
492 1801 2071 1850 descubierto que el uso de autocamiones pequeños permite prestar
489 1860 1755 1909 un servicio de reparto más económico, rápido y eficaz.
537 1938 2074 1984 Se acaba de anunciar que las ventas de automóviles y autocamio¬
492 2004 2080 2047 nes Ford en los Estados Unidos durante los primeros nueve meses
486 2066 2071 2109 del año en curso, ascendieron a 1854.020, lo cual constituye un au-
495 2126 1668 2178 mento de 466,483 sobre el mismo período de 1922.
546 2207 2080 2259 En el mes de septiembre solamente, se vendieron al público lal,
489 2267 2080 2321 467 automóviles y autocamiones Ford, o sea 35.029 vehículos más
492 2333 2077 2378 que los que se vendieron en septiembre del año pasado. Las ven-
492 2392 2086 2444 tas de autocamiones durante el mes mencionado fueron de 15,947 o
492 2457 1886 2506 sea 4,589 más que las ventas del mismo mes el año pasado.
