2479 3508
1406 58 2161 124 Archivo General de la nación
1606 145 1967 196 HEMEROTECA
775 349 1600 402 FEMINA
486 485 1889 536 REVISTA DE LITERATURA, CIENCIAS Y ARTES
770 551 1612 596 CONSAGRADA A LA MUJER.
838 655 1555 695 DIRECTORA ADMINISTRADORA:
725 709 1665 746 PETRONILA ANGELICA GOMEZ
1015 763 1379 803 Maestra Normal.
1030 867 1373 912 REDACTORES:
722 930 1680 978 MARIA L. ANGELIS DE CANINO.
289 987 2104 1046 PETRONILA A. GOMEZ, CONSUELO MONTALVO DE FRIAS.
1991 1088 2203 1133 No. 34
794 1088 1662 1142 San Pedro de Macorís, Diciembre y de 1923
220 1103 401 1165 año 2
779 1270 1650 1321 Año 1924!
1003 1419 2236 1470 PAGINA DE NUESTRA DIRECTORA.
199 1570 838 1614 FELIZ AÑO!
289 1634 2083 1680 Es la frase que se repite de boca en boca cada vez que se inicia un nuevo año.
298 1685 2245 1734 frase, que como un retoño primaveral, brota de cada pecho, como impulsada por el
185 1739 2239 1785 deseo vehemente y bueno de que se realicen a satisfacción nuestras mas elevadas
185 1796 474 1841 aspiraciones.
286 1843 2242 1892 Año pasado: Año fatal, y cuán largol para los que han visto discurrir 30 días de su
201 1898 1313 1943 existencia en un lapso de amargura y de pesares.
301 1951 2242 1994 Para los que pasando por el crisol de una pena hoy y otra mañana, ven, por fin, que
191 2002 2242 2048 termina, llevándose con un girón del alma, aquellos ideales acariciados, y dejando como
194 2062 886 2101 único recuerdo una amarga
194 2115 871 2161 experiencia en la memoria, y
194 2166 889 2209 una hebra mas, plateada, en
191 2221 432 2266 la cabeza.
244 2275 880 2315 Año pasado: Año teliz, y
200 2322 883 2364 cuán brevel para aquellos a
194 2379 871 2418 quienes la fortuna ha sorpren¬
191 2430 880 2472 dido de manera halagadora;
208 2486 892 2525 para los que han visto alejarse
203 2534 886 2573 los dolores y vislumbran ante
200 2588 880 2627 si el casis de la esperanza son¬
197 2639 880 2681 reida, que les promete crista¬
200 2692 892 2728 zar aquellos sueños en la fe-
200 2743 812 2788 liz aurora de mejores días.
250 2796 889 2833 Pero, va acongojados por
197 2849 886 2889 el dolor o sonreídos por la
197 2902 892 2936 felicidad, indiscutiblemente el
203 2949 2251 2991 hombre recibe con entusiasmo y júbilo un nuevo año. Lo toma como pretexto para rea¬
208 3003 2251 3039 lizar nuevos propósitos de mejoramiento de vida, y acaricia en su mente la esperanza de
208 3061 1394 3095 llegar a sentir el verdadero bienestar á que aspira,
304 3113 812 3151 Feliz sea el año 1922
307 3152 2251 3204 Bienvenido sea, si alejadas las tinieblas de la ignorancia, se enciende la antorcha divina
997 2151 1585 2202 LECTOR QUERIDO:
1038 2236 2170 2276 Al comenzar el nuevo año, nos complacemos en desear
997 2283 1961 2326 para ti y los tuyos tono genero de recidades.
1041 2344 2173 2387 Para nuestros anunciantes, suscritores y colaborado
1009 2395 2164 2431 res, para los que nos han alentado en nuestra numilde
1003 2440 2173 2473 labor, para nuestros colegas nacionales y extrangeros,
1012 2481 2164 2523 para nuestros amigos en general, FEMINA desea que el
1003 2526 2113 2562 cielo sea prodigo en derramar salud y prosperidades.
1053 2596 2176 2632 Que inspirados favorablemente los hombres de todos
1003 2642 2176 2676 los partidos políticos, se solucione el problema, de la
1018 2686 2182 2720 patria, de manera honrosa a rin de que se disfrute de
1009 2732 1427 2762 una entera libertad.
1044 2796 1534 2838 Eso les desea: FÉMINA.
