2479 3508
319 161 579 197 Fémina
2131 91 2322 241 Página 2
1122 2418 1492 2455 ARSENIO PERDIGUERO,
591 2456 2024 2499 Notable Primer Actor de la Compañía "Díaz Perdiguero" que actúan
841 2503 1773 2548 con éxito en el Teatro Colón de esta ciudad
277 2761 1674 2818 de la escuela, para que brille el talento, el trabajo y el saber.
385 2815 1976 2875 Bienvenido sea, si trae para la patria su veste tricolor sin un crespón.
382 2868 2349 2931 Si extinguidas las pasiones políticas se estrechan sus hijos en un solo abrazo de fra-
274 2919 2173 2982 ternidad y de concordia, como imprescindible y única base de su futura redención.
385 2973 2349 3039 Bienvenido sea, en fin, si preponderando el derecho se ve flamear en el asta, encima,
274 3027 2352 3096 muy encima, el pabellón que inspiró a Salomé las rimas más ardientes de su numen
283 3083 761 3122 patriótico y fecundo!
388 3131 925 3179 Bienvenido seas, 1924!
