2479 3508
229 165 423 253 Página 9
1934 97 2203 258 Femina
1003 937 1642 988 ECCE HOMO.
1582 1050 1770 1095 A F. F.
776 1176 1665 1218 Y ya por esas calles, perenne distraido,
770 1226 1761 1268 con aire de Cupido y al par de gran señor;
779 1282 1797 1333 y cruza por los parques, al paso, lentamente,
776 1336 1815 1378 mirando o no a la gente que jira en su redor.
779 1465 1728 1510 Poeta de las damas su numen se destolia,
779 1517 1633 1563 cual una centifolia, en aras del Amor.
776 1574 1776 1611 sus cantos son mensajes de Eros a la Luna,
785 1624 1674 1668 y a todas y a ninguna des rinde su loor.
782 1756 1833 1799 tras ellas va a los bailes, velorios y marines,
776 1807 1800 1847 cual va por los jardines la abeja a cada for-
785 1857 1889 1894 y en ronda o serenata.., ¡quién sabe cual inspira-
782 1912 1659 1955 las trovas de su lira de viejo trovador!
785 2040 1689 2086 Ni estorbos ni caídas arredran al poeta
791 2095 1827 2137 que el rumbo hacia la meta orienta sin temor,
794 2146 1889 2188 pues sueña con las musas lo mismo que sonaba,
791 2195 1851 2249 y tal como cantaba aún canta el ruiseñor.
782 2331 1788 2376 Son Lauras y Grazzielas sus novias ideales,
797 2382 1764 2427 y atizan cien vestales el fuego de su amor;
788 2436 1833 2489 y es tal su gentieza de gran señor en Cortes,
791 2486 1892 2537 que ignora los deportes y es alma del Sport....
1197 2627 1848 2678 FED. HENRIQUEZ CARVAJAL
791 2752 1128 2803 Abril de 1919.
