2479 3508
271 161 549 222 Fémina
2077 164 2269 230 Página 4
917 339 1659 404 Sigo tus huellas!...
1546 480 2233 541 A mi hermana Victoria A. Puello
847 659 1179 726 Para "Fémina”.
367 764 1227 821 El vientecillo otoñal hace más per-
316 841 1212 904 ceptible el rumor de las hojas secas...
364 944 1236 1010 Se acerca el Invierno....., y sigo tus
310 1024 594 1084 huellas......
364 1132 1227 1195 El sol se oculta como tras movedizo
313 1207 1227 1277 crespón, y percibo a lo lejos, en Ocaso,
316 1288 1227 1352 los arreboles de la puesta, como si
319 1368 1230 1434 fueran alas de mariposas de púrpura
322 1447 534 1511 y oro.
361 1556 1227 1622 Se va haciendo sombrío el sendero....
322 1633 1215 1702 y sin embargo, percibo tus huellas...
319 1710 564 1777 y las sigo.
361 1820 1236 1886 La luna hace brillar las lontananzas
313 1903 1227 1964 azules, donde van asomando las prime¬
1328 668 2248 729 ras estrellas, como pupilas de ángeles
1322 749 2233 809 que se adormecen aspiro el perfu-
1322 829 2236 883 me de las últimas flores que resisten
1313 908 2236 965 al rudo invierno... y siempre sigo
1322 989 2215 1046 tus huellas...... sin encontrar tu ima-
1316 1075 2233 1130 gen, mas, ella existe reflejada en mi
1325 1150 2170 1205 pensamiento..., en mi corazón!.......
1370 1254 2239 1314 Después que halla desaparecido la
1322 1336 2230 1394 última flor, desañando la llegada del
1313 1410 2215 1468 invierno, seguiré por el sendero sem-
1316 1494 2218 1549 brado de ortigas..., sembrado de es-
1316 1569 2236 1630 carcha, buscando tus huellas hasta
1307 1651 2233 1714 encontrarte a tí, Dios Omnipotente!
1316 1729 1964 1792 Tú que todo lo puedes.
1513 1811 2170 1872 PURA MA. PUELLO SANGREZ.
1307 1904 1874 1971 Sto. Dgo, Nvbre. 1923.
612 2307 1035 2371 Ten Cuenta..!
650 2415 994 2479 De Juan P. Zubiri
364 2515 1062 2573 No derrames amor por la perjura.
370 2581 1050 2642 que malogras tesoro de ternura,
373 2650 1024 2707 tesoro que dar debes algún día
364 2715 1092 2773 a quien colmarte pueda de alegría.
364 2782 1107 2845 Pues, el joven, que su cariño agota,
364 2848 1107 2907 el corazón ve, luego, en bancarrota.
1534 2313 1907 2374 Misterios!..
1262 2430 2024 2472 A una niña le he dado mis quereres,
1262 2480 2060 2522 y ella me dió en cambio... ¡sinsabores!...
1259 2528 2173 2576 Otros, más despreocupados, a las mujeres,
1253 2581 2155 2630 les dan palos, que ellas pagan con amores.
1268 2632 2009 2678 Visto está que el cariño de la mujer
1256 2677 1985 2747 es un enigma difícil de entender!..
1653 2771 2143 2820 B. PORTELA ALVAREZ
1600 2834 2167 2886 (El Duende del Almirante).
1259 2874 1468 2935 Dic. 1923
