2479 3508
200 193 403 233 Página 6
1931 170 2200 207 Fémina
450 388 1755 422 EL YAQUE DEL NORTE...
791 477 2033 523 (Primer premio de poesía en el concurso de los Juegos Morales
949 522 1833 562 celebrados recientemente en Santiago, R. D.)
217 693 985 735 Como una vena enorme sobre el seno
176 744 591 780 esmeralda del llano,
173 783 949 822 te ve sinuar el tiempo, viejo hermano
179 826 898 869 del mar distante y del azul sereno.
217 953 728 989 tres manso y tranquilo.
182 995 919 1037 tu discurrir despreocupado y lento
173 1042 567 1075 se inicia con sigilo
176 1089 615 1123 desde tu nacimiento.
229 1210 743 1240 Y a veces, si en la altura
185 1254 910 1284 vierte la lluvia su caudal grandioso,
188 1299 615 1329 sonoro y majestuoso
179 1340 1006 1374 desbordas tu gran cauce que ya augura
194 1386 1006 1422 por la inmensa extensión que fertilizas,
182 1430 653 1463 entre espumoso encaje.
188 1477 528 1508 tu cólera salvaje,
191 1516 976 1556 y triunfalmente en ella te deslizas......
235 1639 976 1672 El caudal de tus aguas que lo mismo
200 1684 579 1717 vieron el heroismo
194 1729 868 1765 notar en ellas y besar la historia
197 1774 618 1807 —lumínico, luciente,
185 1816 949 1849 como un breve relámpago de gloria
194 1860 677 1896 que, ante la indiferente
185 1905 692 1938 frialdad de los traidores.
197 1952 629 1983 tuvo gestos heroicos,
200 1992 916 2028 brindo santos ejemplos redentores
194 2040 597 2070 a patriotas estóicos
194 2083 874 2114 frente al ultraje de los invasores!
238 2204 958 2237 un tí dormita como noble herencia
200 2249 868 2281 la tiereza del indio, el prodigioso
200 2296 731 2326 valor que en tu existencia
200 2335 868 2368 es el desenfrenado, el caudaloso
200 2380 898 2410 impulso de tus aguas cuando ruje
197 2422 698 2458 vengativa en tu entraña
197 2466 943 2502 la gran creciente que de la montaña
197 2513 1035 2547 le da a tus aguas el soberbio empuje...
250 2631 916 2670 Y sobre tus orillas que la suerte.
200 2681 626 2714 hizo trágicas cuando
206 2723 967 2753 terriblemente en su corcel la muerte
197 2765 970 2798 con sangre de héroes iba rubricando
203 2810 603 2846 la indigena derrota
208 2858 1035 2888 planto el destino, fuerte, como un roble,
208 2896 898 2929 un árbol de grandeza, y cada gota
208 2940 949 2977 fué la simiente de la herencia noble.
1173 677 1952 717 Y cuando el tiempo con los años corte
1113 725 1883 762 alguno de esos árboles que han sido
1122 768 1836 807 glorias indigenas, contra el olvido
1116 815 1895 851 tu los preservarás, aque del Norte.
1164 941 1898 974 Tú seguirás tu curso como un viejo
1116 987 1501 1022 resignado y altivo,
1128 1030 1728 1069 y copiaras, a veces, el reñejo
1116 1075 1845 1108 de algún lucero triste y pensativo.
1170 1183 2015 1219 En las tardes tranquilas, como un santo
1128 1233 1603 1263 rumor de monasterio,
1128 1274 1537 1308 tu musitas el canto
1122 1316 1880 1353 de tus dormidas aguas de misterio.
1176 1422 1931 1460 Y en las noches oscuras, bellamente
1131 1472 1809 1508 miras pasar, como pasó su vida,
1131 1515 1755 1550 el alma de la raza cuya herida
1128 1558 1824 1595 sirve de cauce para tu corriente!
1176 1666 1877 1705 Así, tortuoso y al discreto halago,
1137 1714 1901 1750 de tus encantos, eres más grandioso
1131 1759 1854 1792 cuando marcas el trazo caprichoso
1128 1806 1627 1840 que ofreces a Santiago.
1182 1914 1919 1950 En tus arenas, como dulce ofrenda
1137 1959 1734 1995 a tu belleza, cuidadosamente
1137 2004 1549 2040 teje en tí la leyenda
1134 2051 1636 2084 su rea resplandeciente.
1185 2155 1892 2189 Y bajo el claro cielo, noble y fiero
1134 2204 1925 2237 avanzas hacia el mar, como a la gloria
1134 2247 1785 2281 la adolorida patria de Febrero,
1143 2293 1922 2326 luminosa y triunfal como su historia.
1191 2401 1928 2437 Y tal su propia alma, con el mismo
1140 2446 1770 2479 recuerdo doloroso de su pena
1146 2487 1976 2526 haces de tu heroismo, la más grandiosa
1137 2535 1558 2568 acaso la más buena
1140 2577 1883 2610 de las ofrendas, para que recobres
1143 2619 1910 2658 nueva belleza, mientras te derramas
1149 2666 1904 2702 y te confundes con el mar que amas,
1140 2705 1934 2744 entre un millón de lágrimas salobres!
1612 2827 2012 2858 ARMANDO OSCAR
1146 2940 1642 2971 San Pedro de Macoris.
