2479 3508
304 194 579 228 Fémina
2125 191 2325 228 Página 6
410 732 2330 767 LIRA ANTILLANA
516 833 1038 870 JAPONERIAS
391 893 1179 927 La postal representa una japonesa en traje nacional
271 986 943 1019 Dime japonesita: quién eres tú?
277 1030 1030 1066 con kimono de seda raro y luciente,
274 1078 964 1111 y quitaso de gasa, oro y bambú,
274 1120 1146 1150 de donde vienes, dime, vienes de Oriente?
280 1192 1080 1222 que arrozal a tu paso se ha doblegado
280 1233 1143 1266 por encontrar tu porte más gentil que él?
280 1278 1158 1314 Qué mandarín, tu junco, dime, ha fietado?
280 1322 1238 1359 Me traes almendras dulces como la miel?
286 1383 1176 1431 Y ardiendo en impaciencia, que es natural,
274 1439 1131 1472 curiosa me pregunto ¿quién será, quien?
280 1483 997 1517 En ese extraño idioma tan gutural
274 1525 1149 1562 dime, que significa tu nombre do al Len?
277 1598 1062 1634 Pero es en vano todo, no me contesta,
277 1642 943 1681 mueve ligeramente su quitasol,
280 1690 1122 1723 y ansiosa me pregunto: quien será esta?
280 1732 1065 1762 Me olvidaba, no entiendes el español!
283 1774 1164 1816 Pero no importa, mira, te hablo por señas,
283 1825 1110 1855 y aunque es lengua de suyo dificultosa,
280 1866 1244 1905 que ese idioma comprendes muy bien diseñas,
280 1905 1012 1944 en tu mirada oblicua tan maliciosa.
286 1976 1095 2016 Cuando lejos, muy lejos el sol Naciente,
280 2022 1074 2064 entreabra los capullos de Ilang Ilang.
277 2072 1071 2108 y coqueta y graciosa bañes tu frente,
277 2111 976 2147 con perfumes exóticos de Ceilán;
286 2155 1092 2192 mira y no se te olviden estos encargos:
292 2201 940 2240 una mesa de laca y un abanico,
295 2251 1247 2284 y aunque ya mis caprichos van siendo largos,
1370 833 2322 879 POR QUE MUEREN LOS
1737 902 1967 936 NIÑOS?
1331 998 2254 1031 ¿Por que, Señor, los mandas a este mundo
1337 1039 1830 1075 si presto han de morir?
1340 1084 2322 1120 Por qué sus frentecitas combadas de azucenas,
1343 1130 1830 1166 la muerte ha de abatir?
1331 1196 2328 1235 Cuando miro un cortejo de esas blancas cajitas
1331 1245 2295 1281 que parecen de dulces o de suaves perfumes,
1343 1287 1857 1329 cual revuelo de espuma,
1340 1335 1830 1368 como los cisnes graves,
1340 1377 2269 1416 caminar bajo el palo del crepusculo pruma,
1343 1424 2191 1457 mi corazón rebosa una intensa amargura.
1340 1473 2334 1506 y el cristal de mi llanto roto asoma a mis ojos.
1343 1540 1857 1571 ¡Oh qué triste el armiño!
1331 1582 1857 1616 cubriendo esos despojos
1337 1630 2146 1660 tan pequeños..., en mi pecho se abre
1343 1675 2191 1711 la llaga de mi amor cual rosa de ternura
1337 1717 1788 1747 al ver qué poco ruido
1340 1763 1812 1799 hace al morir un niño.
1910 1810 2310 1844 La Hija del Caribe.
1343 1848 1612 1885 Puerto Rico.
1337 1956 2083 1995 una cigüeña blanca de rojo pico.
1343 2001 2191 2040 rebosando de almendras un bombonero,
1337 2045 2030 2081 de patchulí me mandas una raíz,
1340 2096 2280 2129 y amante de esas plantas, yo tambien quiero,
1337 2137 2095 2171 las flores más hermosas de tu país.
1910 2207 2316 2244 Altagracia Saviñón.
1343 2248 1686 2285 Santo Domingo.
774 2359 1885 2399 FLORES DE LA TARDE.
337 2425 853 2458 Haciendo a la enredadera
286 2466 683 2499 una caricia dorada
286 2511 758 2547 su postrera llamarada.
298 2562 904 2595 prendió el sol, en mi vidriera.
337 2616 898 2655 Yo quise, ardiente y ligera
286 2658 719 2691 imitar al sol, callada.
295 2708 826 2741 y nundí la mano enjoyada
292 2744 701 2780 en tu fina cabellera.
337 2802 785 2838 Estaba la enredadera
292 2849 809 2885 temblorosa y perfumada.
292 2893 776 2929 de jazmines, salpicada,
289 2938 832 2971 de estrellas de Primavera.
337 2987 937 3032 Y el sol pudo, en su postrera
286 3040 770 3073 caricia, tibia y dorada,
292 3081 785 3114 besar, así, de su amada.
292 3129 758 3159 la juventud hechicera.
370 3183 800 3223 En tu fina cabellera
973 2428 1477 2461 hundí la mano enjoyada.
972 2472 1519 2505 ¿Por qué la tarde calmada!
973 2517 1391 2550 tan melancólica era
1021 2580 1588 2613 y tan triste, cual si hubiera
973 2622 1430 2655 alguna pena ignorada
982 2661 1430 2696 vagando desesperada.
979 2704 1552 2747 bajo su lumbre postrera....
1024 2765 1516 2804 Estrellas de primavera,
976 2807 1477 2846 visión leve y perfumada
979 2852 1534 2891 vuestra blancura inviolada
973 2899 1513 2935 mi amor olvidar quisiera.
1021 2959 1495 2989 Blanca palidez de cera.
973 2998 1474 3031 tu dulce frente adorada
982 3046 1546 3079 tenía.... ¿por que, cuitada
982 3093 1439 3126 pase por tu cabellera,
1015 3142 1430 3175 enamorada y ligera
973 3190 1534 3229 la ardiente mano enjoyada.
1662 2434 2194 2464 con la ternura acendrada,
1659 2475 2170 2508 de una caricia postrera?
1701 2529 2137 2566 ¡La fatalidad severa
1662 2577 2152 2610 me castigo despiadada,
1662 2622 2188 2655 que imitar al sol, callada
1671 2671 2212 2702 quiso mi envidia altanera,
1710 2722 2307 2762 y jay de mil por vez primera
1665 2771 2218 2804 vi, con el alma angustiada,
1662 2813 2107 2846 una floración helada.
1656 2861 2155 2897 abierta en tu cavenera:
1707 2959 2289 3001 Murió, el día en tu mirada,
1659 3001 2146 3037 cayó la sombra ligera,
1671 3055 2242 3085 y envolvió en la enredadera,
1668 3096 2191 3129 una caricia enlutada....
1725 3152 2313 3186 Dulce Ma. Borrero de Luján.
1970 3194 2107 3234 Cuba.
