2479 3508
1558 56 2280 131 Archivo General de la Nación
1835 149 2073 195 HEMEROTECA
197 132 391 288 Página
1895 158 2185 206 Fémina
1546 829 1925 880 YOLANDA HAZA
1630 907 1976 958 DEL CASTILLO.
1549 1077 1988 1128 Pimpollito mimado
1558 1146 1988 1200 de los esposos Don
1549 1220 1988 1271 Luis F. Haza y Doña
1591 1286 1952 1340 Rita Indiana del
1686 1361 1862 1409 Castillo.
916 2024 1783 2083 Ella es un manojito de Espigas, de la era celeste...
1334 2113 1740 2167 a Yolanda de Haza.
937 2222 1686 2267 Parece que unas manos prodijiosas,
934 2266 1591 2311 en un impulso mistico y genial,
943 2312 1621 2353 la formaron con petalos de rosas.
940 2356 1582 2401 de la inmensa pradera sideral.
943 2449 1767 2493 Y es que tiene en la albura de su frente
950 2493 1692 2539 y en toda su apariencia de querube,
943 2538 1653 2583 la misma santa castidad sonriente
949 2583 1728 2628 que de su almita hasta lo eterno sube.
949 2684 1609 2723 Manojito de espigas luminosas,
946 2724 1639 2768 hecho como por artes milagrosas.
955 2770 1606 2810 en la huerta magnifica de Dios,
958 2867 1698 2908 Antes que lleguen al hogar pendito,
958 2911 1612 2950 con tu carga de luz del infinito,
958 2951 1743 2999 tú ahuyentarás las sombras del dolor.
1340 3042 1713 3090 Fco Richiez Noble.
958 3146 1268 3200 Junio 10, 1923.
