2479 3508
298 190 564 235 Fémina
2080 220 2274 256 Página 6
561 277 2015 343 El Caso de Gertrudis Gómez de Avellaneda.
889 343 1689 388 Por CARMEN DE BURGOS (Colombine).
316 405 1265 459 Ya es antiguo el pleito de la entrada de
259 457 1259 506 las mujeres en la Academia, y no creo ocio-
256 508 1265 560 so recordar los hechos a que en este sentido
256 561 1250 612 dió lugar la sucesión a la vacante del secre-
259 611 1256 668 tario perpetuo de dicha Corporación, Don
274 668 755 710 Juan Nicasio Gallego.
307 719 1253 770 La fecha de esta muerte es la del naci¬
256 774 1256 823 miento de la infanta Isabel, porque D. Juan,
265 827 1256 879 Nicasio murió a consecuencia de la caída
256 877 1250 928 que dió en la plaza de Oriente yendo a ver-
250 928 1256 985 las iluminaciones con que se celebraba este
253 985 1247 1039 nacimiento, cuando el contaba setenta y
259 1035 728 1083 cuatro años de edad.
307 1086 1241 1140 La academia, que presidía entonces Mar-
250 1140 1247 1194 tinez de la Rosa, contaba entre sus miem-
250 1191 1250 1250 bros—al lado de los insignificantes, que
250 1246 1244 1303 nunca faltan—a quintana, Gil y Zarate,
256 1298 1250 1349 Ventura de la Vega, el duque de Rivas. Me-
250 1349 1024 1403 sonero Romanos y Hartzenbusch.
310 1403 1256 1456 El primer candidato que se presentó para
253 1454 1253 1512 ocupar la vacante fue el conde de San Luis,
253 1508 1253 1560 D. Luis Sortorias, ex ministro de la Gober-
247 1558 1015 1612 nación con el Ministerio Narvaez.
301 1612 1247 1665 A éste siguieron D. José de la Revilla y
247 1663 865 1712 D. Antonio Ferrer del Río.
298 1717 1244 1772 Pero lo que levantó una verdadera tem-
253 1773 1256 1824 pestad en el seno de la ilustre casa fué la
250 1821 1241 1877 lectura del memorial de la eximia poetisa.
244 1871 1241 1928 dramática doña Gertrudis Gómez de Avella-
247 1925 1140 1982 neda, fechado en y de febrero de 1933.
298 1979 1247 2036 La Avellaneda estaba en el apogeo de su
253 2034 1233 2082 gloria. Acababa de estrenar, con gran a-
256 2087 1238 2133 plauso su nueva obra "La hija de las flo-
247 2134 1238 2191 res. Su mérito literario era indiscutible.
253 2189 1233 2241 contaba, además, la Avellaneda con la
247 2237 1241 2291 mistad de muchos académicos, entre ellos,
244 2292 1238 2346 Pastor Diaz y Pacheco, que fueron íntimos
247 2343 1244 2400 de D. Juan Nicasio Gallego y conocían el
247 2397 1161 2451 cariño paternal y la gran admiración que
244 2448 1164 2507 ilustre poeta, profesaba a la Avellaneda,
247 2498 1244 2555 hasta su voluntad de que le sucediera en su
241 2549 382 2591 cargo.
298 2606 1227 2660 Desde el mismo entierro de D. Juan Ni-
238 2654 1241 2707 casio fueron a casa de la poetisa, sugiriéndo-
241 2707 1236 2761 le que pidiese al conde de San Luis que pro-
241 2758 767 2812 tegiese su candidatura.
289 2815 1224 2869 El conde, como cumplido caballero, le o-
235 2866 1236 2924 freció su protección y retiró su candidatura;
247 2920 1224 2978 pero los amigos y los aduladores del magna-
241 2971 1230 3029 te hicieron una guerra sordida y enconada a
241 3022 474 3062 la poetisa.
289 3074 1236 3134 En una hermosa carta que la Avellaneda,
232 3125 1241 3185 dirige a Sartorias, se lee este párrafo, que
244 3184 710 3223 parece de actualidad.
325 3229 1238 3286 Respecto a posibilidad, creo que, no
1301 420 2307 471 siendo un hecho huevo e inaudito que la A-
1310 477 2313 525 cademia cuente una mujer entre sus indivi-
1310 531 2298 576 duos, pues dos han merecido esta distin-
1310 582 2313 627 ción en tiempos de más preocupaciones
1310 638 2298 677 que las que pueden conservarse en los nues-
1304 686 2304 734 tros, no tiene aquella Corporación funda-
1310 737 2307 788 mento alguno racional que oponer a mi de-
1301 789 1406 830 seo.
1358 844 2307 886 En otro párrafo aduce razonos que conti-
1307 899 1600 935 nuan en pie.
1355 935 2298 992 No se me oculta que no faltarán cabe-
1295 1000 2298 1047 zas que, encantadas por la novedad de con-
1304 1053 2295 1098 cebir una idea, se aferren con la que han e-
1307 1104 2295 1149 mitido, de que cualquiera que sea el mere-
1301 1161 2307 1206 cimiento, y existan o no existán ejemplos.
1295 1213 2298 1252 anteriores, la inflexible severidad de los es-
1301 1262 2301 1313 tatutos exige, que una mujer tome asiento
1295 1317 2301 1366 en la academia, como si se tratara de dicidir
1295 1365 2295 1420 con dicho asiento los destinos de Europa.
1304 1421 2289 1467 Se que nada hay más terco que la puerili-
1295 1474 2301 1522 dad. Preveo que es posible que la ridicula-
1289 1528 2295 1576 alejación del sexo se sostenga en Madrid en
1289 1580 2289 1629 una época en que los monarcas son mujeres,
1301 1633 2289 1676 y mujeres, en otros pises, los rectores de co-
1289 1683 2292 1731 legios científicos, y cuando en la misma Es-
1295 1743 2295 1785 pana se conserva la memoria de mujeres;
1289 1791 1504 1830 doctoras.
1340 1844 2292 1886 Pero la Academia, como esos cuerpos o-
1298 1898 2298 1946 pacos en que no penetra la luz, se cerraba a
1289 1946 2295 1994 todas las razones. Bretón de los Herreros;
1301 2004 2286 2044 puso a discusión, la consulta de si los esta-
1292 2051 2292 2100 tutos y las prácticas de la Academia autori-
1283 2105 2104 2154 zaban o no el ingreso de las damas.
1343 2156 2283 2208 Después de varias juntas sin llegar a un a-
1292 2209 2289 2257 cuerdo, el 19 de febrero tuvo lugar la vota-
1292 2259 2292 2310 ción, en la que seis académicos votaron que
1286 2316 1656 2352 sí, y la que no.
1337 2364 2274 2412 Como el conde de San Luis no quiso pre-
1283 2419 2283 2468 sentar su candidatura, temiendo que se le ta-
1286 2472 2283 2515 chara de desleal con la ilustre poetisa, fué
1280 2522 2179 2573 elegido Ferrer del Río por unanimidad.
1340 2576 2274 2627 Este episodio nos da a conocer que, aun-
1292 2627 2277 2678 que en un tiempo hubo dos mujeres acadé-
1283 2680 2283 2728 micas en España, la ilustre Corporación no
1283 2731 2277 2782 ha abierto sus puertas cuando llamaron a e-
1280 2782 2277 2836 llas mujeres de tanto mérito como la Avella-
1283 2837 1830 2883 neda y la Pardo Bazán.
1331 2890 2277 2942 Después de esto, no es lisonjero el honor
1280 2940 2277 2997 de la Academia para las damas. Oiga-
1280 2994 2277 3048 mos, para terminar, una justa apreciación
1280 3045 1722 3090 de doña Gertrudis:
1367 3098 2277 3146 En España las damas no codician hono-
1280 3150 2274 3199 res literarios, con muchísima razón por
1280 3198 2280 3259 cierto, pues se compran mucho más caro del
1280 3254 1734 3305 lo que pueden valer.
