2479 3508
200 248 403 293 Página 9
1913 226 2188 265 Fémina
414 362 925 410 Carmencita Acevedo.
203 511 1176 550 Es una alada mariposa, encantadora y fina,
167 550 1173 595 sus ojos hermosos, bellos, profundamente ne–
167 595 1170 642 gros, dominan con una mirada la igual que en–
176 639 1182 681 canta con una sonrisa de sus labios breve, o
167 684 1182 723 sugestiona con un movimiento de su cuerpo
173 737 489 771 lleno de gracia.
214 801 1173 836 Carmencita, es culta, delicada, bella, suave
176 842 1173 884 como un pétalo de rosa, tierna; apenas comienza
176 890 1167 929 a cruzar por la vida, cuando ya es una promesa...
179 929 1179 968 dichosas las niñas que como ella, saben vivir en
182 971 1173 1016 la poesía, seducen con sus encantos, y tienen el
182 1018 1176 1054 premio de la naturaleza, al prodigarle belleza de
173 1069 543 1102 alma y de rostro.
707 1132 1134 1174 Manuel A. Mena hijo.
185 1204 620 1246 Santo Domingo 1923.
179 1354 1179 1400 Impresiones del Doctor Don Fed. Henríquez y Car–
223 1411 1188 1454 vajal, a propósito de nuestra revista, Párrafos de una carta
223 1461 1194 1507 dirigida a nuestra Directora en
223 1521 618 1567 fecha 20 de este mes.
182 1616 549 1661 Amable señorita:
226 1687 1194 1723 Abro el No. 33 de Fémina, con el gusto que me
185 1729 1188 1771 produce su labor femenina de cultura, y tengo
188 1774 1188 1810 una agradable sorpresa. Figúrese. ¡Hace cuatro
188 1816 1170 1855 años que busco, en vano, el No. de "El Progreso"
185 1860 1191 1893 en que figura ese trabajo mío; y la revista que
185 1905 1191 1938 tengo ahora a la vista, lo publica, lo reproduce
185 1947 1194 1980 en sus páginas y, sin saberlo, me las facilita a
188 2001 412 2031 gusto mío.
235 2102 1191 2136 Con votos–para 1924–por la salud y el éxito
179 2151 686 2193 de la revista, su aftmo..
928 2207 1149 2249 DON FED.
188 2368 1006 2407 San Pedro de Macorís, Dic. 15 de 1923.
194 2440 743 2479 Señor Wardoqueo García.
206 2508 985 2550 Antigua Guatemala, América Central
203 2577 534 2622 Muy señor mío:
247 2649 1191 2685 Me es grato acusarle recibo de su jugosa e
197 2690 1197 2726 importante revista Studium. Por tanto, y en
194 2738 1197 2768 atención a su simpática exitativa de fecha 5 de
206 2777 1188 2810 Noviembre pasado, debo manifestarle que co¬
203 2825 1197 2858 rresponderé a ella gustosamente, obsequiándole
197 2869 1203 2899 con una suscripción de "Fémina", pues es grato
206 2914 1200 2944 también para mí que mi humilde revista vaya a
203 2953 1197 2986 honrarse en los anaqueres de esa Biblioteca Po¬
203 3006 713 3037 pular y Sala de Lectura.
244 3063 1194 3097 Agradece la deferencia y se suscribe de usted
191 3109 597 3145 atenta y servidora,
635 3172 1158 3216 Petronila Angélica Gómez.
1570 334 1859 370 A TI!...
1373 452 1994 488 A veces siento que el alma
1370 502 2039 542 se me oprime, madre amada
1367 553 1985 596 sin que pueda yo por nada
1373 606 1946 643 volver al pecho la calma.
1376 686 1979 725 Hace tiempo que yo tengo
1376 740 1877 779 un muy acerbo pesar,
1379 788 1979 830 que me hace mucho penar
1385 844 2131 889 porque el llanto lo contengo....!
1392 920 1943 956 ¡Si pudiera desahogarme
1373 977 2024 1014 y dar tregua a mi dolor!....
1379 1031 1940 1072 ¡Si pudieras consolarme
1382 1081 1895 1114 pero no puedes, no!
1373 1159 1991 1199 La causa por la cual lucha
1376 1213 1904 1249 este sér continuamente
1382 1265 1892 1307 debe serte indifierente,
1386 1316 1889 1358 y no la sabrás jamás;
1382 1398 2051 1438 que cual en un mar profundo,
1382 1445 1943 1488 oculto en mi pecho está,
1382 1498 1925 1540 y jamás en este mundo
1394 1555 2003 1597 por mi labio la sabrás!....
1471 1632 2179 1671 C. E. MAGGIOLO DE CRUZADO.
1418 1818 2051 1860 Tractoras Fordson.
1277 1965 2239 1998 Ya empiezan a generalizarse estas utilísimas
1271 2010 1830 2052 y progresistas maquinarias.
1280 2062 2233 2099 The Barahona Company las usa para arrastre
1230 2104 2236 2147 de cañas en las plantaciones y como locomotoras
1241 2152 1889 2192 también para el mismo trabajo.
1277 2205 2239 2247 El Sr. Santiago Michelena, las ha usado y está
1236 2251 2230 2290 usando para arar grandes extensiones de te
1233 2302 1376 2335 rreno.
1274 2348 2242 2390 El "Coney Island" compañía de diversiones
1230 2398 2239 2434 actualmente en Santo Domingo, usa una para
1233 2440 2242 2476 mover su estrella giratoria. Noche tras noche,
1236 2482 2242 2517 trabaja moviendo este aparato en donde toda
1238 2526 2065 2568 clase de personas pasa ratos de alegría.
1289 2583 2230 2619 No parece lejos el día en que la tractora reem¬
1244 2625 2233 2670 place al buey en la penosa tarea de arar y arras¬
1236 2669 2239 2708 trar cargas pesadas, trabajo en el cual el pacien¬
1247 2714 2236 2750 te animal sufre grandes penalidades, para des¬
1244 2756 2239 2801 pués ir a dar fin a su existencia en un matadero.
1283 2811 2245 2853 Pronto otras centrales azucareras harán uso
1241 2855 2233 2897 de las tractoras Fordson, puesto que se conven¬
1238 2899 2245 2941 cerán que el terreno arado con tractoras da
1241 2944 2245 2983 mayor rendimiento, y que estos aparatos pueden
1241 2986 2239 3028 servirles para arrastre de caña, leña, mover
1241 3032 2101 3074 bombas de agua y otros muchos trabajos.
1653 3098 2203 3140 Atlas Commercial Company
1244 3167 1698 3206 Santo Domingo, R.D.
1928 3161 2242 3200 Santiago, R. D.
