2479 3508
313 200 585 233 Fémina
2089 212 2319 246 Página 10
792 412 1870 446 Notas Breves.
280 589 815 622 Quien es Yolandita Haza?
283 633 737 669 lindo capullo de rosa.
286 672 707 708 Una tierna mariposa
283 723 755 756 con alas de seda i gaza.
316 777 1280 819 Restablecida—Lo está del quebranto que la obli¬
274 824 1280 857 gará a trasladarse a ésta, de su pintoresca resi¬
274 866 1283 905 dencia de la Yeguada, la distinguida fama Fran¬
274 911 1286 950 cisca Frias de Sánchez, hermana política de
277 956 856 989 nuestra redactora de Frias.
316 995 1035 1042 Con placer consignamos la noticia.
316 1054 1292 1096 Compañía Diaz-Perdiguero—Está haciendo las delicias
280 1099 1292 1138 del público macorisano, la famosa compañía de
274 1144 1295 1186 dramas i comedias, Diaz-Perdiguero, que actua
280 1189 680 1225 en nuestro coliseo.
322 1230 1286 1275 Arsenio Perdiguero. la bellísima Mercedes
280 1272 1283 1317 Diaz i demás elementos que integran dicha Com¬
283 1323 1283 1362 pañía, son todos artistas de alta escena. Han
274 1365 1271 1404 interpretado felizmente las obras que han repre
277 1407 1283 1449 sentado, arrancando al público calurosos aplau¬
271 1451 367 1484 sos.
310 1508 1274 1550 Sueños de Opio.—Un nuevo libro de versos ha da¬
277 1556 1289 1598 do a la circulación el Sr. Mario Caminero S. Di
274 1595 1197 1640 cho libro ha sido editado en los acreditados ta-
274 1642 1286 1687 lleres tipográficos "Altagracia", del Sr. Miguel
277 1684 459 1720 Paradas.
322 1729 1200 1774 Felicitamos al autor de "Sueños de Opio", tí¬
277 1777 1271 1813 tulo de la obra, deseándolo resonante éxito lite¬
277 1819 659 1855 rario i económico.
328 1875 1286 1920 "La Cuna de América".—Recibimos con normalidad
274 1917 1271 1956 el cange de esta revista capitaleña. Mui intere¬
268 1962 1277 2010 sante y muy bien presentada, lo que demuestra
277 2010 1277 2049 que está poniendo todo su empeño en sostenerle
268 2051 659 2087 su viejo prestigio.
316 2096 928 2135 Felicitamos a sus directores.
316 2153 1274 2198 Nuestro pésame—Presentamos nuestra sincera con
277 2198 1268 2243 dolencia al Sr. E. C. Leschhorn, con motivo del fa
277 2243 1268 2284 llecimiento de su Sr. padre, ocurrido en recien¬
280 2284 459 2317 tes dias.
328 2329 1289 2374 Que descanse en paz el alma del estimado
277 2374 468 2410 fenecido.
271 2428 871 2470 Si quieres andar sin peligro
280 2472 850 2517 ni quedarte en la carretera
268 2514 761 2556 sin abrigo i sin amparo,
274 2565 880 2604 procúrarte un auto Packard,
280 2610 868 2649 por medio de Manolo Alfaro.
277 2652 701 2688 Pídeselo a los Reyes
277 2690 725 2732 i viajarás en primera.
316 2753 1277 2798 Yolanda Haza del Castillo—Es el simpático nombre
277 2798 1280 2846 de la niñita cuyo grabado engalana i alegra las
277 2843 683 2876 páginas de Fémina.
322 2896 1286 2944 'Panadería La Modelo.'—El mejor pan que se está ela
277 2941 1280 2989 borando en esta ciudad es el de la panadería
304 2983 1271 3028 "Modelo". La salud del pueblo está garantiza¬
277 3028 740 3067 da comiendo este pan.
316 3073 1280 3120 Premiada con medalla de oro en la exposición
271 3114 1280 3165 de Milan, 1920, i premiada por la medalla del
268 3168 946 3201 justo elogio que Fémina le hace.
1373 594 2355 630 En bien de los niños pobres—El personal dirigente de
1328 639 2352 678 nuestra publicación, ha procedido en estos dias a
1334 684 2355 723 la recolecta de juguetes i objetos de vestir, entre
1331 729 2349 765 el comercio i las personas de buena voluntad, con
1334 768 2346 810 el fin de repartir a niños pobres de esta ciu¬
1340 818 1433 851 dad.
1373 857 2343 899 El reparto tendrá efecto en nuestro parque
1331 887 2352 944 "Salvador", el dia 6 de enero, dia de Reyes. A
1340 953 2346 986 prepararse pues, niños, que los Santos Reyes
1331 994 2263 1034 han enviado a Fémina regalos para ustedes.
1379 1051 2346 1084 Cumpleaños de un amigo—El dia 15 de este mes cele¬
1337 1093 2349 1132 bró su cumpleaños nuestro apreciado amigo el
1340 1141 2343 1177 Sr. Gustavo J. Henriquez, Editor Propietario del
1364 1183 1743 1216 "Boletin Mercartil"
1382 1230 2349 1269 Con tal motivo, recibió muchas felicitaciones
1337 1272 2346 1311 ese dia, i reunió en su hogar a sus familiares i
1343 1320 2349 1353 personas de su mejor afecto, quienes disfrutarom
1334 1359 2343 1401 de una agradable comida íntima, ofrecida por el
1331 1407 1543 1437 festejando.
1376 1447 2349 1490 Fémina le felicita i le desea goce de una vida
1331 1495 1707 1529 larga i venturosa.
1576 1553 2107 1592 Material de construcción
1576 1595 1976 1634 eléctrico, plomería
1579 1645 2080 1681 hallaréis donde Lebrón.
1570 1684 2098 1723 Herramientas y motores
1582 1735 2068 1765 para los consumidores
1564 1774 2000 1813 en calle Separación.
1570 1819 2018 1855 quincalla, cristalería
1570 1868 2074 1902 y máquinas Remington.
1370 1917 2340 1959 El dia 26—De este mes celebraron enlace nup¬
1328 1965 2340 2001 cial en esta ciudad dos distinguidos jóvenes de
1331 2007 2343 2046 la colonia siria: Antonio Julian Haché, estimado
1334 2051 2340 2090 comerciante de esta plaza, Sta. Katy Isá, dulce i
1328 2099 1555 2129 simpática.
1379 2144 2334 2181 Que disfruten eterna luna de miel, sin nues¬
1325 2185 1588 2219 tros deseos.
1404 2253 2263 2303 SOLUCION A LA CHARADA NO. 15:
1612 2314 2060 2366 "FEMINA"
1367 2397 2334 2437 Señorita Urania: Su charada No. 14 quedó e¬
1325 2446 2343 2487 rrada, pues la solución PILATO, es un nombre
1328 2493 2182 2532 propio de persona, en plural: PILATOS.
1412 2557 2260 2601 Carro $525.00 FORD Camión $550.00
1370 2604 2325 2643 Servicio seguro y constante—El que necesita un auto¬
1325 2646 2337 2693 móvil que brinde un servicio seguro y constante,
1331 2696 1806 2726 que compre un FORD.
1376 2734 2334 2777 EL FORD es el carro mejor preparado y aten¬
1328 2780 2337 2825 dido para prestar un servicio seguro y constante
1328 2828 2334 2864 en todas partes de la República. Ud encontra¬
1325 2869 2337 2911 rá piezas de respuestas cuando las necesite, no
1334 2911 2331 2956 importa que éste en Baní, Azna, Barahona, San
1328 2959 2319 2995 Juan, La Vega, San Francisco de Macorís, Puer¬
1328 3001 2337 3046 to Plata, o Monte Cristy, u otros puntos del
1334 3046 1433 3080 país.
1656 3091 2203 3127 Atlas Comercial Company
1809 3136 2280 3175 Santo Domingo, R. D.
1331 3171 1621 3208 Apartado 233.
