2479 3508
1559 102 2404 156 arcala General de la
1734 182 2104 239 HEMEROTECA
937 350 1734 430 FEMINA
623 538 2024 580 REVISTA DE LITERATURA, CIENCIAS Y ARTES
916 603 1743 645 CONSAGRADA A LA MUJER
970 703 1689 743 DIRECTORA ADMINISTRADORA:
856 754 1797 797 PETRONILA ANGELICA GOMEZ
1146 815 1504 857 Maestra Normal.
1164 921 1495 961 REDACTORES:
850 975 1800 1015 MARIA L. ANGELIS DE CANINO.
441 1030 2212 1078 PETRONILA A. GOMEZ, CONSUELO MONTALVO DE FRIAS.
352 1162 474 1210 Año 1
976 1159 1761 1207 San Pedro de Macorís, Junio 30 de 1923
2094 1155 2269 1204 No. 22
647 1332 2006 1389 Acerca de Urbanidad
443 1500 1301 1542 SI hubiésemos de pensar detenidamen¬
412 1539 1310 1588 te en lo compleja de la tarea que
304 1603 1304 1639 nos hemos impuesto al dedicarnos a nuestra
310 1653 1319 1689 obra cultural, nos detendríamos á cada paso
307 1707 919 1743 vencidas por el desaliento.
423 1762 1310 1796 Mas, nuestras almas preparadas para
313 1807 1307 1847 vencer, no retrocederan ante los obstáculos
316 1863 1313 1897 que se opongan á nuestro paso mientras
313 1911 1316 1951 nos alienten la fé y la esperanza, mientras
316 1964 1310 2006 luzca en nuestro horizonte la tranja purpú¬
310 2021 1310 2063 rea que colorea nuestras horas vesperales y
313 2073 1307 2112 asome su aurea pupila sobre tan regio lecho,
316 2124 1307 2160 el astro de nuestro anhelo, con su fulgurante
367 2175 546 2214 trpadeo.
426 2236 1316 2267 Nuestra obra esta en pre y avanza;
325 2280 1316 2317 avanza resuelta hacia el triunto que nos es¬
328 2334 1316 2373 pera; nos lo dicen las voces de aliento que
319 2389 1322 2423 nos traen innumerables mensages que nos
325 2437 1325 2474 vienen a diario de todas partes, y las figuras
325 2489 1325 2531 prominentes que surgen a cada paso de
325 2540 1325 2582 nuestro sexo, llamado debil, por un ligero
316 2591 1322 2633 capricho de la sabía naturaleza y que suele
325 2649 1322 2686 ocultar á veces bajo su aspecto delicado, un
322 2705 1236 2742 alma de gigante y un corazon de atleta.
426 2753 1334 2793 El alma.... ave invisible que vive de
325 2804 1316 2844 cima en cima.... Yo cultivo las almas por¬
325 2861 1316 2900 que ellas llevan en sí jardines interminables,
319 2913 1316 2947 y las riego con el rocio de mi pensamiento;
331 2959 1319 3004 para que ellas me habien de vida y Prima¬
328 3016 1316 3049 vera, y vivo entre los rumores de la fronda,
331 3069 1325 3110 perpetuando la estación de las flores aun
316 3119 1325 3161 cuando las horas autumnales me asalten,
319 3172 1125 3224 precursoras de nieves tempraneras.
1456 1494 2340 1531 Como gusto de las esquisiteces y le rin¬
1352 1549 2349 1588 do culto á la estética me permito, en estas
1358 1601 2346 1641 notas editoriales, en mi candad de periodis¬
1358 1654 2349 1691 ta femenino, llamar la atención acerca del
1352 1707 2355 1743 modo como debemos conducirnos en el
1355 1761 1528 1797 templo.
1462 1809 2349 1848 Hermoso y encantador es el aspecto
1355 1862 2352 1898 que presentan las blancas naves de nuestro
1361 1912 2346 1949 templo católico, poblado de personas piado¬
1355 1967 2352 2006 sas, que se acercan á la divina fuente del
1355 2021 2349 2060 amor y la pureza á disponer sus corazones,
1364 2071 1952 2113 para ofrendarlos al Señor.
1465 2122 2340 2161 Pero.... mas hermoso y armónico re¬
1364 2171 2349 2211 sulta, y mas agradable a Dios, que perma¬
1358 2228 2349 2265 nezcamos en ese sagrado recinto con el
1361 2281 2352 2318 alma llena de profundo respeto y adoración
1361 2332 2349 2369 y con humildad y recogimiento, sin que
1361 2382 2352 2424 hagamos ningún movimiento que produzca
1364 2436 2346 2478 ruido ni produzcamos con nuestra voz ru¬
1364 2489 2349 2528 mor alguno que, no siendo en alabanza de
1361 2539 2349 2579 Dios, turbe la paz augusta de la casa del
1367 2591 2152 2630 Señor, durante los actos religiosos.
1471 2639 2349 2681 Y es altamente antiestético y poco ur¬
1361 2695 2352 2734 bano el acto de permanecer en pre sobre los
1361 2746 2355 2788 asientos con el fin de ver mejor lo que se
1361 2797 2358 2839 celebra en el altar mayor, cosa por cierto
1370 2855 2358 2889 no necesaria dada la altura de este, la cual
1361 2902 2358 2945 nos permite á todos ver sentados, todo lo
1364 2959 1985 2996 que se haga en dicho altar.
1468 3009 2358 3045 He dedicado este editorial á este tema
1367 3064 2352 3104 porque a mi concepto es la religión muy
1361 3114 2352 3151 necesaria para la moral y una parte bastan¬
1665 3174 2080 3213 Concluye en pág 3.
