2479 3508
137 205 412 244 Fémina
1982 179 2200 218 Página 2
632 341 1525 377 EPISTOLA
98 525 373 561 Señor Don
101 606 707 647 Rufino Blanco Fombona,
429 659 841 698 Madrid, España.
107 743 489 782 Muy señor mío;
211 788 1158 836 Dado la importancia que entraña en sí
101 841 1149 889 el conocimiento de la Historia, por ser esta
101 895 1152 943 el relato de acontecimientos más o menos
101 952 1134 1003 notables, á todos nos debe interesar el -
110 1009 1155 1058 prenderla y a los mas doctos y capaces el
107 1063 1155 1106 enseñarla por todos los medios y en todas
119 1122 1155 1164 sus faces. Por tanto, distinguido señor,
107 1170 1140 1218 creo oportuno y de gran utilidad para en-
107 1226 1164 1271 trambos mundos, de honor para la America
116 1283 1134 1328 Latina y de plena satisfacción para sus dig¬
119 1337 1146 1382 nos hijos, el que lleve a la palpable y uni¬
116 1391 1152 1436 versal, amena e instructiva, popular e inte¬
113 1447 1149 1492 resante escena cinematográfica, la magna y
119 1498 1155 1549 gloriosa epopeya de la Libertad de Améri¬
113 1558 1161 1600 ca, en cuya jornada, dicho sea en honor de
116 1609 1143 1660 la verdad, descuela el Libertador, el mag¬
122 1669 1155 1709 nífico y colosal SIMON BOLIVAR, quien,
116 1720 1146 1757 según el elocuente decir del sabio juriscon¬
119 1776 1149 1818 sulto e insigne prosador y poeta Don Ceci¬
119 1835 1161 1874 ho Acosta, es cabeza de los milagros,
119 1885 1155 1928 lengua de las maravillas y según el nuestro,
119 1943 1161 1985 brazo de las acciones, y en que venezuela,
119 1994 1170 2039 la patria de éste y de aquel, del precurso
119 2047 1152 2092 héroe y mártir Miranda, de otros héroes y
131 2104 1167 2146 mártires más, la vuestra y la de nuestra
125 2161 1164 2200 mayor admiración y simpatía por sus proe¬
140 2219 1161 2256 zas inauditas, y su fecunda lapor intelectual,
125 2268 1170 2310 fué sin duda alguna, de todo el vasto teatro
128 2325 1161 2364 del Continente, donde se luchara más, y
134 2379 1164 2421 más tesoneramente en pro de la tan gran¬
131 2492 976 2531 ria causa de la libertad de America.
131 2430 1171 2478 diosa y noble, como importante y lejenda¬
238 2540 1167 2585 Con gran satisfacción, placeme expre¬
168 2597 1171 2638 arle que a ninguna otra persona he podido
137 2657 1170 2693 dirigirme en tal sentido antes que a vos,
140 2712 1171 2751 porque vos contais, ademas con el valioso
131 2763 1171 2799 recurso de la capacidad, con el de la relación
137 2818 1171 2857 y de la personalidad, y porque no tengo el
137 2874 1171 2910 gusto de conocer a otra.... ni creo existirá
134 2928 1171 2967 quien o quienes hayan luchado y luchen con
141 2982 1171 3021 tan persistente afán en difundir las brillan¬
140 3036 1170 3078 tes acciones de aquel héroe y las altas gran¬
140 3089 1171 3134 dezas de esa parte, y de todo nuestro in¬
137 3146 1171 3188 menso Continente, formado con sangre de
134 3206 1171 3245 nuestras propias venas, animado por el alma
143 3260 1171 3302 de nuestra propia alma, encaminado á un
1188 501 2245 546 solo fin, a un mismo glorioso ideal y cuya¬
1191 550 2236 599 suerte fué en el lejano pasado, es en el algi¬
1188 608 2242 656 do presente y será en el futuro e indeciso
1203 665 2242 707 porvenir, nuestra misma dichosa o fatal
1194 731 1358 770 suerte.
1301 770 2248 818 Creo también, apreciable señor, que no
1194 827 2239 874 estará demas, para conseguir el proposito y
1203 880 2245 931 asegurar el éxito, el demostrarle de un mo¬
1203 931 2239 988 do claro y preciso, á las casas reconstructo¬
1194 988 2236 1042 ras de historias y sucesos, novelas y lleven¬
1206 1041 2242 1098 das en películas y á las empresas exhibido¬
1203 1104 2248 1152 ras de cintas, la buena acogida y por ende
1209 1155 2242 1209 las pingues ganancias que obtendrán en la
1206 1206 2254 1259 construcción y exposición de la citada e in¬
1206 1277 1603 1316 mortal epopeya.
1313 1322 2245 1367 Con el inquebrantable respeto y la in¬
1209 1373 2251 1424 variable admiración que desde ha tiempo le
1212 1429 2257 1483 profeso por su brillante y por ende plausible
1206 1480 2257 1537 labor intelectual en pro de la cultura univer¬
1209 1534 2254 1588 sal y de la America-hispana, le saluda aten¬
1218 1597 2248 1642 tamente, deseando ser atendido, no para
1218 1650 2251 1698 vuestra gloria, ni mucho menos para la mía,
1221 1704 2254 1754 si acaso fuere acreedor á merecerla, sino
1218 1761 2260 1812 para la gloria siempre poco ponderable del
1215 1815 2263 1866 LIBERTADOR, la de VENEZUELA y la
1206 1868 2260 1916 de nuestra madre AMERICA, madre de
1212 1922 2254 1970 todos, por ser la siempre prodiga y hospita¬
1206 1982 2260 2027 laria tierra del desvalido, de las proezas y
1206 2044 1677 2080 de la LIBERTAD
1674 2099 2209 2143 A. FELINO VICIOSO V.
1212 2179 1791 2218 Santo Domingo, R. D.
1379 2233 1633 2269 Año 1919.
1552 2376 1937 2412 BIENVENIDA.
1358 2425 2125 2467 A Don José Manuel Govin. Delegado por la Prensa
1349 2457 2128 2487 Española para la creación de la Confederación de
1501 2487 1982 2520 la Prensa Hispano-americana.
1325 2551 1958 2593 Heraldo de mi raza, mensajero
1328 2599 2021 2638 del alma luminosa de mi España,
1328 2643 2116 2688 ya estás entre nosotros, en la entraña
1328 2691 2030 2729 de este mundo solar indiano ibero.
1340 2751 2051 2789 Avante, avante, pues, gonfalonero,
1337 2795 2054 2837 ya está tu pabellón en la montaña
1328 2842 2146 2882 donde ha de fuigurar la inclita hazaña;
1331 2889 1985 2926 bienvenido el cruzado caballero.
1343 2949 2074 2983 Y al volver a mi España victorioso,
1334 2994 1931 3034 llevale este mensaje cariñoso.
1328 3038 2033 3080 nuestra palabra cálida y sencilla:
1337 3100 2098 3139 Que si allí dan amor al quisqueyano,
1337 3145 1994 3184 aquí palpita el corazón hispano
1340 3190 2074 3232 igual que en los hogares de Castilla.
1171 3260 1185 3296 de nuestra propia alma, encaminado á un
1534 3257 2125 3296 JOSE LEBRON MORALES.
