2479 3508
328 255 531 298 Página 3
2045 258 2304 298 Fémina
678 440 1979 477 ELSA Y GISELA
958 503 1683 542 PSICOLOGIA FEMENINA
1194 550 1442 583 Para FEMINA.
459 697 1298 730 DE sobremesa—hablabamos del ca¬
412 727 1289 787 rácter raro de algunas mujeres, y
292 801 1298 837 de la influencia que en ellas ejercia el medio
292 851 1298 891 ambiente en que se agitaban; y dijo la Sra.
292 904 1250 949 de Pérez, recientemente llegada de París:
450 961 1304 1000 ¿Carácter raro? influencia del medio
292 1015 1298 1049 ambiente.... en dos amiguitas que tuve
301 1063 1298 1103 en París podríase estudiar esos dos temas
307 1120 1298 1154 psicológicos, que no siempre influyen en el
295 1166 1295 1209 desenvolvimiento moral de la vida femeni¬
298 1222 382 1262 na.
400 1276 1304 1313 Elsa y Gisela, las amigas de que os
292 1327 1301 1363 hablo, eran, en belleza y caracter diametral¬
295 1375 1301 1420 mente opuestas. Gisela, blanca, rubia, de
298 1433 1301 1467 ojos azules y lánguidos, pequeñita, delgada:
295 1485 1304 1522 flor de invernadero. Elsa, morena, de ojos
298 1537 1301 1576 negros, abrasadores; alta, de formas llenas
304 1592 1298 1632 y esculturales; una belleza regia. Gisela,
298 1642 1268 1682 dulce y tierna; Elsa, impetuosa y ardiente.
409 1696 1295 1733 Gisela, al nacer, había perdido su ma¬
292 1747 1307 1781 dre y fué adoptada por una tía paterna ce¬
298 1799 1289 1836 libe y religiosa hasta el fanatismo. Su ca¬
318 1854 1301 1891 la grande y vetusta, parecía un claustro:
307 1909 1304 1945 poca servidumbre; severo y anticuado el
298 1959 1304 1993 mobiliario. Allí transcurrió la intancia de
301 2013 1301 2054 la huérfana, quien no tuvo, para sus juegos,
298 2065 1301 2104 más compañía que la de un viejo gato de
298 2118 1304 2155 Angora, que se revolcaba con ella sobre las
301 2172 1307 2209 mullidas alfombras, y jugaba al escondite
1346 692 2343 740 con rara inteligencia. La tía, muy rigida,
1352 746 2352 791 vigilaba continuamente la nina, pasando,
1343 800 2346 841 como una sombra, por los amplos salones,
1346 853 2349 892 con el rosario en la mano, murmurando sus
1349 907 2343 946 letanías. Gisela no oyó jamás resonar una
1346 955 2346 997 carcajada bajo aquel severo techo; y cuando
1352 1011 2334 1050 ella, en sus juegos con el gato, dejaba esca¬
1346 1069 2340 1103 par un chillido, la tía aparecía enseguida,
1352 1117 2349 1157 con un dedo sobre los labios, imponiendola
1349 1173 1537 1210 silencio.
1459 1220 2349 1263 Yo conoci esta pobre criatura un día en
1355 1275 2349 1312 que hube de visitar á la tía para interesarla
1346 1326 2346 1363 en una obra piadosa y me causo tanta lasti¬
1343 1380 2352 1420 ma su panda fisonomía de anemica, que
1352 1433 2346 1473 emples toda mi influencia para lograr de su
1349 1483 2340 1525 tutora el permiso de llevarla á pasear algu¬
1349 1540 1880 1576 nas veces en mi coche.
1483 1586 2164 1626 —Y de Elsa que nos cuentas
1504 1645 2346 1688 Oh! Elsa era libre como un pajaro
1352 1702 2346 1736 en los bosques. Huertana tambien de ma¬
1349 1756 2337 1790 dre, su padre, un opulento banquero, adorá¬
1355 1804 2337 1844 bala y la tenía alojada en un precioso hote¬
1352 1860 2346 1897 lito, con una numerosa servidumbre para su
1349 1917 2343 1957 uso particular. Yo la veía en todas partes,
1346 1968 2343 2005 acompañada de su aya; en la Gran Opera;
1352 2025 2352 2059 en el Hipodromo; en el Bosque de Bologne.
1349 2072 2352 2109 Hablaba con tanto desentado y reía tan
1349 2124 2346 2161 ruidosamente con una amable carcajada de
1349 2178 2349 2215 chiquilla feliz, que daba gusto oirla. Venía
1349 2229 2349 2269 a mi casa muy amenudo, y me asociaba a
1343 2282 2340 2319 todas sus correrías de muchacha libre y
1346 2339 1477 2376 rica.
1453 2396 2337 2433 ¿Como crees, amigos míos, que se en¬
1343 2447 2346 2489 cauzaron al porvenir aquellas dos vidas tan
1349 2502 2343 2536 distintas? Pensais que Gisela, bajo la in¬
1349 2556 2352 2590 fluencia de su tía se haría monja, y que
1352 2608 2340 2645 Elsa, dada la libertad de sus costumbres,
1349 2659 2358 2695 cometería alguna calaverada, de esas que
1352 2712 2200 2752 comprometen el honor de una mujer
1450 2775 2343 2815 Oh! no: no lo creas: Gisela huyó con
1349 2830 2349 2866 un amante, y fue después la mas celebre
1349 2881 2349 2919 demi-mondame de París. Elsa, por el
1352 2933 2349 2973 contrario, hizo un brillante matrimonio con
1349 2988 2343 3027 un ingles archimillonario, que no tenía más
1352 3040 2343 3077 defecto que padecer la tradicional enferme¬
1349 3087 2343 3130 dad de su país: el spleen. A veces, huyen¬
1349 3136 2343 3182 do de la brillante vida de Londres, se deste¬
1627 3208 2089 3248 Concluye en la pág. 5.
507 2303 1098 2340 Acerca de Urbanidad.
528 2393 1089 2436 Continuación de la pag. 1.
301 2489 1304 2525 te importante sobre todo para la mujer, que
301 2543 1304 2579 a mi ver, sin religión ni moral, es como una
298 2595 1301 2632 flor sin perfume, que no halla en sus horas
298 2649 1301 2686 de nostalgía y desconsuelo, una gota crista¬
298 2701 1116 2740 lina que refresque su corazón impio.
409 2752 1292 2791 Seamos verdaderas cristianas y haga¬
295 2805 1304 2845 mos que florezca en nuestro suelo la cultura
301 2855 1301 2895 y el progreso, pero sin desviarnos de nues¬
295 2909 1289 2946 tro Dios, para que El vele por nuestra pa¬
307 2960 1301 3000 tria y escuche los ruegos que hacemos por
298 3020 877 3057 nuestra ansiada libertad.
692 3121 1256 3164 CONSUELO M. DE FRIAS.
835 3202 1104 3239 (Magnolia)
