<?xml version="1.0" encoding="UTF-8" standalone="yes"?>
<PcGts xmlns="http://schema.primaresearch.org/PAGE/gts/pagecontent/2013-07-15" xmlns:xsi="http://www.w3.org/2001/XMLSchema-instance" xsi:schemaLocation="http://schema.primaresearch.org/PAGE/gts/pagecontent/2013-07-15 http://schema.primaresearch.org/PAGE/gts/pagecontent/2013-07-15/pagecontent.xsd">
    <Metadata>
        <Creator>prov=READ-COOP:name=PyLaia@TranskribusPlatform:version=2.43.0:model_id=567049:lm=provided:date=13_05_2026_10:39</Creator>
        <Created>2025-10-15T18:37:51.849+02:00</Created>
        <LastChange>2026-05-25T20:17:00.079+02:00</LastChange>
        <TranskribusMetadata docId="11368972" pageId="104387474" pageNr="4" tsid="288906979" status="IN_PROGRESS" userId="500001" imgUrl="https://files.transkribus.eu/Get?fileType=view&amp;id=DNFWLKVPIQXZOGJDLIHPPAJO" xmlUrl="https://files.transkribus.eu/Get?id=PYPDCMZJAKFQOKHCJVFNDQVM" imageId="87597134"/>
    </Metadata>
    <Page imageFilename="0004_p004.jpg" imageWidth="2479" imageHeight="3508">
        <ReadingOrder>
            <OrderedGroup id="ro_1781166489803" caption="Regions reading order">
                <RegionRefIndexed index="0" regionRef="tr_1"/>
                <RegionRefIndexed index="1" regionRef="r_1"/>
                <RegionRefIndexed index="3" regionRef="r_3"/>
                <RegionRefIndexed index="4" regionRef="r_6"/>
                <RegionRefIndexed index="5" regionRef="r_5"/>
                <RegionRefIndexed index="6" regionRef="tr_2"/>
                <RegionRefIndexed index="7" regionRef="r_2"/>
                <RegionRefIndexed index="8" regionRef="r_7"/>
            </OrderedGroup>
        </ReadingOrder>
        <TextRegion orientation="0.0" id="tr_1" custom="readingOrder {index:0;}">
            <Coords points="131,114 131,267 385,267 385,114"/>
            <TextLine id="tr_1_tl_1" custom="readingOrder {index:0;}">
                <Coords points="131,264 385,267 385,117 131,114"/>
                <Baseline points="131,214 156,216 181,217 207,217 232,217 258,217 283,217 308,217 334,217 359,217 385,217"/>
                <TextEquiv>
                    <Unicode>Fémina</Unicode>
                </TextEquiv>
            </TextLine>
            <TextEquiv>
                <Unicode></Unicode>
            </TextEquiv>
        </TextRegion>
        <TextRegion id="r_1" custom="readingOrder {index:1;}">
            <Coords points="1945,205 1945,169 2261,169 2261,205"/>
            <TextLine id="l" custom="readingOrder {index:0;}">
                <Coords points="1973,211 2113,214 2113,172 1973,169"/>
                <Baseline points="1973,197 2001,199 2029,200 2057,200 2085,200 2113,200"/>
                <TextEquiv>
                    <Unicode>Página 4</Unicode>
                </TextEquiv>
            </TextLine>
            <TextEquiv>
                <Unicode></Unicode>
            </TextEquiv>
        </TextRegion>
        <ImageRegion id="r" custom="readingOrder {index:2;}">
            <Coords points="114,319 1684,319 1684,2510 114,2510"/>
        </ImageRegion>
        <TextRegion id="r_3" custom="readingOrder {index:3;}">
            <Coords points="1699,1512 1699,1094 2223,1094 2223,1512"/>
            <TextLine id="l_10" custom="readingOrder {index:0;}">
                <Coords points="1779,1196 2043,1196 2132,1190 2132,1148 2043,1154 1779,1154"/>
                <Baseline points="1779,1182 1823,1182 1866,1182 1911,1182 1955,1182 1998,1182 2043,1182 2086,1179 2132,1176"/>
                <TextEquiv>
                    <Unicode>Loraida Aidar.</Unicode>
                </TextEquiv>
            </TextLine>
            <TextLine id="l_11" custom="readingOrder {index:1;}">
                <Coords points="1730,1281 2160,1278 2160,1238 1730,1241"/>
                <Baseline points="1730,1268 1769,1268 1808,1268 1847,1268 1886,1268 1925,1268 1964,1268 2004,1268 2043,1268 2082,1268 2121,1267 2160,1265"/>
                <TextEquiv>
                    <Unicode>Espiritual i simpática</Unicode>
                </TextEquiv>
            </TextLine>
            <TextLine id="l_12" custom="readingOrder {index:2;}">
                <Coords points="1727,1337 2179,1334 2179,1297 1727,1300"/>
                <Baseline points="1727,1325 1759,1325 1792,1325 1824,1325 1856,1325 1889,1325 1921,1324 1953,1322 1985,1322 2018,1322 2050,1322 2082,1321 2114,1320 2147,1320 2179,1322"/>
                <TextEquiv>
                    <Unicode>niña, que cada día va</Unicode>
                </TextEquiv>
            </TextLine>
            <TextLine id="l_13" custom="readingOrder {index:3;}">
                <Coords points="1730,1388 2180,1388 2180,1351 1730,1351"/>
                <Baseline points="1730,1376 1762,1378 1794,1379 1826,1379 1858,1379 1891,1379 1923,1379 1955,1379 1986,1377 2018,1376 2052,1376 2083,1376 2115,1376 2147,1376 2180,1376"/>
                <TextEquiv>
                    <Unicode>haciendo mas notables</Unicode>
                </TextEquiv>
            </TextLine>
            <TextLine id="l_14" custom="readingOrder {index:4;}">
                <Coords points="1732,1452 2168,1443 2168,1404 1732,1413"/>
                <Baseline points="1732,1439 1761,1436 1789,1434 1819,1433 1848,1433 1877,1433 1906,1433 1935,1433 1964,1433 1994,1433 2022,1433 2052,1433 2080,1432 2110,1430 2139,1430 2168,1430"/>
                <TextEquiv>
                    <Unicode>progresos en el arte de</Unicode>
                </TextEquiv>
            </TextLine>
            <TextLine id="l_15" custom="readingOrder {index:5;}">
                <Coords points="1827,1499 2063,1499 2063,1460 1827,1460"/>
                <Baseline points="1827,1486 1853,1488 1879,1489 1905,1489 1931,1488 1958,1486 1984,1486 2010,1486 2036,1486 2063,1486"/>
                <TextEquiv>
                    <Unicode>Beethoven.</Unicode>
                </TextEquiv>
            </TextLine>
            <TextEquiv>
                <Unicode></Unicode>
            </TextEquiv>
        </TextRegion>
        <TextRegion id="r_6" custom="readingOrder {index:4;}">
            <Coords points="1533,2595 1533,2693 721,2693 721,2595"/>
            <TextLine id="l_17" custom="readingOrder {index:0;}">
                <Coords points="840,2680 1495,2689 1495,2647 840,2638"/>
                <Baseline points="840,2666 894,2669 949,2671 1003,2669 1058,2671 1112,2669 1166,2669 1221,2669 1275,2671 1329,2672 1384,2672 1438,2673 1495,2675"/>
                <TextEquiv>
                    <Unicode>ANHELO</Unicode>
                </TextEquiv>
            </TextLine>
            <TextEquiv>
                <Unicode></Unicode>
            </TextEquiv>
        </TextRegion>
        <TextRegion id="r_5" custom="readingOrder {index:5;}">
            <Coords points="1831,2723 1831,2800 1457,2800 1457,2723"/>
            <TextLine id="l_9" custom="readingOrder {index:0;}">
                <Coords points="1480,2775 1806,2784 1806,2742 1480,2733"/>
                <Baseline points="1480,2761 1505,2763 1530,2764 1555,2764 1580,2765 1605,2766 1630,2767 1655,2767 1680,2766 1705,2764 1730,2764 1755,2764 1780,2766 1806,2770"/>
                <TextEquiv>
                    <Unicode>Para FEMINA.</Unicode>
                </TextEquiv>
            </TextLine>
            <TextEquiv>
                <Unicode></Unicode>
            </TextEquiv>
        </TextRegion>
        <TextRegion orientation="0.0" id="tr_2" custom="readingOrder {index:6;}">
            <Coords points="119,2815 119,3307 1167,3307 1167,2815"/>
            <TextLine id="tr_2_tl_2" custom="readingOrder {index:0;}">
                <Coords points="203,2891 1155,2882 1155,2851 203,2860"/>
                <Baseline points="203,2881 250,2880 298,2881 345,2881 393,2881 441,2881 488,2878 536,2881 583,2881 631,2880 679,2877 726,2875 774,2875 821,2877 869,2878 917,2876 964,2875 1012,2875 1059,2872 1107,2875 1155,2872"/>
                <TextEquiv>
                    <Unicode>En las tibias mananas de verano, el sol me¬</Unicode>
                </TextEquiv>
            </TextLine>
            <TextLine id="tr_2_tl_3" custom="readingOrder {index:1;}">
                <Coords points="119,2935 1152,2923 1152,2893 119,2905"/>
                <Baseline points="119,2925 170,2931 222,2930 273,2928 325,2926 377,2925 428,2922 480,2925 532,2925 583,2925 635,2924 687,2922 738,2922 790,2922 842,2919 893,2921 945,2919 997,2919 1048,2919 1100,2919 1152,2913"/>
                <TextEquiv>
                    <Unicode>besa, y con su beso, siento encenderse la sangre</Unicode>
                </TextEquiv>
            </TextLine>
            <TextLine id="tr_2_tl_4" custom="readingOrder {index:2;}">
                <Coords points="122,2980 1152,2977 1152,2946 1100,2943 122,2949"/>
                <Baseline points="122,2970 173,2973 225,2973 276,2972 328,2970 379,2970 431,2970 482,2970 534,2970 585,2970 637,2970 688,2968 740,2969 791,2970 843,2967 894,2967 946,2967 997,2967 1049,2967 1100,2964 1152,2967"/>
                <TextEquiv>
                    <Unicode>en mis arterias, siento mi vida en plena flora¬</Unicode>
                </TextEquiv>
            </TextLine>
            <TextLine id="tr_2_tl_5" custom="readingOrder {index:3;}">
                <Coords points="122,3028 307,3031 307,3001 122,2998"/>
                <Baseline points="122,3018 148,3020 174,3021 201,3019 227,3019 254,3021 280,3021 307,3021"/>
                <TextEquiv>
                    <Unicode>ción!....</Unicode>
                </TextEquiv>
            </TextLine>
            <TextLine id="tr_2_tl_6" custom="readingOrder {index:4;}">
                <Coords points="211,3070 1167,3067 1167,3037 211,3040"/>
                <Baseline points="211,3060 258,3062 306,3063 354,3060 402,3060 450,3063 497,3060 545,3060 593,3059 641,3058 689,3059 736,3058 784,3059 832,3059 880,3058 928,3059 975,3058 1023,3057 1071,3057 1119,3057 1167,3057"/>
                <TextEquiv>
                    <Unicode>En la paz infinita del crepusculo, cuando</Unicode>
                </TextEquiv>
            </TextLine>
            <TextLine id="tr_2_tl_7" custom="readingOrder {index:5;}">
                <Coords points="119,3117 1158,3111 1158,3080 119,3086"/>
                <Baseline points="119,3107 173,3110 228,3109 283,3107 337,3107 392,3107 447,3107 501,3105 556,3105 611,3104 665,3104 720,3102 775,3104 829,3104 884,3104 939,3104 993,3103 1048,3101 1103,3101 1158,3101"/>
                <TextEquiv>
                    <Unicode>duerme el Sol, y la Luna se despierta, mi alma</Unicode>
                </TextEquiv>
            </TextLine>
            <TextLine id="tr_2_tl_8" custom="readingOrder {index:6;}">
                <Coords points="119,3166 1161,3157 1161,3124 119,3133"/>
                <Baseline points="119,3155 171,3158 223,3155 275,3154 327,3153 379,3153 431,3152 483,3149 535,3149 587,3149 640,3150 692,3150 744,3149 796,3152 848,3146 900,3146 952,3146 1004,3147 1056,3149 1108,3149 1161,3146"/>
                <TextEquiv>
                    <Unicode>soñadora viaja y se recrea, y llega en sus anhe¬</Unicode>
                </TextEquiv>
            </TextLine>
            <TextLine id="tr_2_tl_9" custom="readingOrder {index:7;}">
                <Coords points="128,3213 1050,3207 1050,3177 1003,3174 128,3183"/>
                <Baseline points="128,3203 174,3203 220,3202 266,3200 312,3198 358,3197 404,3197 450,3197 496,3197 542,3197 589,3197 635,3195 681,3194 727,3192 773,3191 819,3191 865,3194 911,3194 957,3197 1003,3194 1050,3197"/>
                <TextEquiv>
                    <Unicode>los a pisar los umbrales de la Felicidad....</Unicode>
                </TextEquiv>
            </TextLine>
            <TextLine id="tr_2_tl_10" custom="readingOrder {index:8;}">
                <Coords points="220,3252 1155,3249 1155,3219 220,3222"/>
                <Baseline points="220,3242 266,3248 313,3245 360,3244 407,3243 453,3244 500,3242 547,3242 594,3242 640,3242 687,3242 734,3242 781,3242 827,3242 874,3240 921,3241 968,3242 1014,3242 1061,3242 1108,3239 1155,3239"/>
                <TextEquiv>
                    <Unicode>En la triste y silente calma de la noche, sien¬</Unicode>
                </TextEquiv>
            </TextLine>
            <TextLine id="tr_2_tl_11" custom="readingOrder {index:9;}">
                <Coords points="119,3307 1161,3298 1161,3265 119,3274"/>
                <Baseline points="119,3296 171,3296 223,3296 275,3293 327,3293 379,3291 431,3290 483,3290 535,3290 587,3288 640,3290 692,3288 744,3289 796,3287 848,3287 900,3287 952,3287 1004,3287 1056,3287 1108,3287 1161,3287"/>
                <TextEquiv>
                    <Unicode>to la caricia ultra exquisita del claro pieniluno,</Unicode>
                </TextEquiv>
            </TextLine>
            <TextEquiv>
                <Unicode></Unicode>
            </TextEquiv>
        </TextRegion>
        <TextRegion id="r_2" custom="readingOrder {index:7;}">
            <Coords points="1191,3240 1191,2800 2260,2800 2260,3240"/>
            <TextLine id="l_1" custom="readingOrder {index:0;}">
                <Coords points="1212,2885 2254,2870 2254,2839 1212,2854"/>
                <Baseline points="1212,2875 1264,2872 1316,2872 1368,2871 1420,2869 1472,2869 1524,2869 1576,2869 1628,2869 1680,2866 1733,2866 1785,2866 1837,2866 1889,2866 1941,2863 1993,2861 2045,2862 2097,2862 2149,2861 2201,2860 2254,2860"/>
                <TextEquiv>
                    <Unicode>y muchas veces, adormilada quedo al contacto</Unicode>
                </TextEquiv>
            </TextLine>
            <TextLine id="l_2" custom="readingOrder {index:1;}">
                <Coords points="1209,2929 2245,2917 2245,2886 1209,2898"/>
                <Baseline points="1209,2919 1260,2916 1312,2916 1364,2916 1416,2915 1468,2913 1519,2913 1571,2913 1623,2913 1675,2912 1727,2911 1778,2911 1830,2912 1882,2910 1934,2910 1986,2907 2037,2907 2089,2907 2141,2907 2193,2907 2245,2907"/>
                <TextEquiv>
                    <Unicode>suavísimo de sus hilos de plata que tejen ensue¬</Unicode>
                </TextEquiv>
            </TextLine>
            <TextLine id="l_3" custom="readingOrder {index:2;}">
                <Coords points="1212,2974 1695,2968 1695,2937 1212,2943"/>
                <Baseline points="1212,2964 1237,2964 1262,2963 1288,2961 1313,2962 1339,2964 1364,2964 1389,2964 1415,2962 1440,2961 1466,2961 1491,2960 1517,2958 1542,2958 1567,2958 1593,2958 1618,2959 1644,2961 1669,2960 1695,2958"/>
                <TextEquiv>
                    <Unicode>nos en mi derredor...</Unicode>
                </TextEquiv>
            </TextLine>
            <TextLine id="l_4" custom="readingOrder {index:3;}">
                <Coords points="1304,3016 2254,3004 2254,2973 1304,2985"/>
                <Baseline points="1304,3006 1351,3009 1399,3006 1446,3003 1494,3003 1541,3006 1589,3006 1636,3006 1684,3006 1731,3005 1779,3003 1826,3002 1874,3000 1921,3000 1969,3000 2016,3000 2064,3000 2111,3000 2159,3000 2206,2997 2254,2994"/>
                <TextEquiv>
                    <Unicode>Sin embargo?..... yo despierto en las tibias</Unicode>
                </TextEquiv>
            </TextLine>
            <TextLine id="l_5" custom="readingOrder {index:4;}">
                <Coords points="1218,3064 2254,3052 2254,3022 1218,3034"/>
                <Baseline points="1218,3054 1269,3054 1321,3054 1373,3053 1425,3051 1477,3051 1528,3049 1580,3051 1632,3051 1684,3051 1736,3050 1787,3048 1839,3048 1891,3048 1943,3048 1995,3046 2046,3047 2098,3045 2150,3045 2202,3045 2254,3042"/>
                <TextEquiv>
                    <Unicode>mañanas de verano..... sueño en la paz minita</Unicode>
                </TextEquiv>
            </TextLine>
            <TextLine id="l_6" custom="readingOrder {index:5;}">
                <Coords points="1218,3111 2254,3097 2254,3067 1218,3081"/>
                <Baseline points="1218,3101 1269,3098 1321,3097 1373,3096 1425,3096 1477,3095 1528,3097 1580,3098 1632,3098 1684,3095 1736,3094 1787,3093 1839,3091 1891,3093 1943,3090 1995,3090 2046,3089 2098,3089 2150,3090 2202,3087 2254,3087"/>
                <TextEquiv>
                    <Unicode>del crepúsculo.... y me duermo en la silente</Unicode>
                </TextEquiv>
            </TextLine>
            <TextLine id="l_7" custom="readingOrder {index:6;}">
                <Coords points="1212,3156 2260,3144 2260,3114 1212,3126"/>
                <Baseline points="1212,3146 1264,3144 1316,3143 1369,3143 1421,3143 1474,3142 1526,3140 1578,3140 1631,3140 1683,3140 1736,3137 1788,3138 1840,3138 1893,3135 1945,3131 1998,3131 2050,3132 2102,3134 2155,3134 2207,3134 2260,3134"/>
                <TextEquiv>
                    <Unicode>calma de la noche, con el anhelo vehemente de</Unicode>
                </TextEquiv>
            </TextLine>
            <TextLine id="l_8" custom="readingOrder {index:7;}">
                <Coords points="1212,3198 2260,3189 2260,3159 1212,3168"/>
                <Baseline points="1212,3188 1264,3188 1316,3188 1369,3188 1421,3188 1474,3188 1526,3186 1578,3187 1631,3185 1683,3185 1736,3185 1788,3185 1840,3185 1893,3183 1945,3179 1998,3179 2050,3179 2102,3179 2155,3181 2207,3182 2260,3179"/>
                <TextEquiv>
                    <Unicode>ver mis ojos—como la noche negros— en las</Unicode>
                </TextEquiv>
            </TextLine>
            <TextLine id="l_16" custom="readingOrder {index:8;}">
                <Coords points="1218,3247 2143,3241 2143,3208 2050,3205 1218,3214"/>
                <Baseline points="1218,3236 1264,3236 1310,3236 1356,3236 1403,3236 1449,3236 1495,3236 1541,3234 1588,3231 1634,3230 1680,3232 1726,3233 1773,3233 1819,3233 1865,3231 1911,3230 1958,3230 2004,3227 2050,3227 2096,3230 2143,3230"/>
                <TextEquiv>
                    <Unicode>tranquilas lagunas de sus ojos glancos!...</Unicode>
                </TextEquiv>
            </TextLine>
            <TextEquiv>
                <Unicode></Unicode>
            </TextEquiv>
        </TextRegion>
        <TextRegion id="r_7" custom="readingOrder {index:8;}">
            <Coords points="2223,3240 2223,3292 1586,3292 1586,3240"/>
            <TextLine id="l_18" custom="readingOrder {index:0;}">
                <Coords points="1603,3292 2209,3289 2209,3256 2178,3254 1603,3259"/>
                <Baseline points="1603,3281 1633,3278 1663,3280 1693,3281 1724,3281 1754,3281 1784,3281 1815,3280 1845,3278 1875,3278 1906,3277 1936,3275 1966,3275 1996,3275 2027,3275 2057,3275 2087,3275 2118,3275 2148,3275 2178,3276 2209,3278"/>
                <TextEquiv>
                    <Unicode>NATALIA ANGELICA GARCIA.</Unicode>
                </TextEquiv>
            </TextLine>
            <TextEquiv>
                <Unicode></Unicode>
            </TextEquiv>
        </TextRegion>
    </Page>
</PcGts>
