2479 3508
316 237 510 280 Página 5
2027 249 2286 289 Fémina
1038 300 1561 340 Conclusión de la pag. 3.
274 365 1289 405 rraba, por meses enteros, a alguno de sus
277 418 1280 458 castillos del condado, haciendo en el vida
274 473 1265 509 de ermitaño, sin mas compañía que su mu¬
280 518 832 566 ter y algunos servidores.
382 577 1280 617 Pensais que Elsa, acostumbrada á la
277 629 1274 668 libertad y al bullicio de las fiestas, se rebe¬
274 681 1280 727 laría, emancipandose del tirano que la
277 735 1286 775 secuestraba? Pues no fue así: Elsa fué un
277 786 1274 823 modelo de esposa paciente y dulce; y cuan¬
277 839 1286 876 do se la veía aparecer, tras uno de aquellos
277 891 1286 937 largos destierros, jamás se la oyó una sola
286 945 1265 985 palabra de protesta, esquivando, con sonri¬
274 989 1283 1038 sa satisfecha, la curiosidad que pretendía
280 1039 731 1085 sondear su corazón.
385 1098 1280 1143 La mujer es un misterio — concluyó la
280 1152 1280 1194 Sra. Pérez—y no se puede vaticiar sobre
277 1206 1280 1248 ella, aún partiendo de causas tan concretas
277 1257 1274 1294 como lo son el carácter y el medio am¬
274 1315 432 1348 biente.
361 1366 1271 1402 —En robustecimiento de lo que acaba¬
280 1415 1271 1456 mos de oir, dijo la Sra. Ruiz—citaré un
274 1468 1271 1510 caso, constatado por mí misma en el que se
277 1519 1277 1561 vé cuan poco influye en algunos seres el
274 1576 662 1615 medio ambiente.
379 1626 1280 1668 ¿Os acordais de Nisia, la muchacha
271 1679 1271 1719 que estuvo en mi casa hasta el verano pasa¬
268 1732 1280 1775 do? Ella había quedado huertana de padre
275 1788 1289 1826 y madre á los siete años y a esa edad, sus
280 1841 1283 1877 parientes la interna en en un colegio de
277 1892 1283 1931 monias que radicaba en la provincia. Doce
274 1945 1274 1981 años más tarde, en decadencia la institu¬
277 1999 1274 2035 ción religiosa, el colegio fué clausurado y
262 2051 1268 2088 trajeron a Nisia á mi casa. Vivían conmi¬
268 2099 1268 2142 go mis nietas Carlota y Susana, dos chiqui¬
274 2153 1277 2196 llas traviesas y malcriadas, por mi excesiva
277 2207 1265 2249 benevolencia para con ellas. Yo me dije
319 2251 1274 2303 Nisia, educada entre prácticas religiosas,
277 2315 1265 2354 debe ser un dechado de mansedumbre y
277 2363 1274 2400 virtudes mis nietas tendrán en ella un mo¬
277 2421 659 2460 delo que imitar.
379 2471 1271 2510 A poco de estar con nosotras dijeronme
268 2521 1274 2561 mis nietas: "Abuela, ¿que mal viento sopla
280 2575 1274 2612 en esta casa desde la llegada de Nisia? No
271 2626 1274 2666 encontramos nuestros pañuelos; perdemos
268 2682 1268 2719 nuestras agujas, nuestros dedales, nuestras
274 2739 597 2775 tijeras....
382 2790 1277 2823 —Vosotras sois unas locuelas—decialas
280 2838 1262 2878 yo: tened mas orden y vereis como no per¬
268 2891 516 2934 deis nada.
385 2946 1274 2982 Un día, empero, tuve ocasión de temer¬
274 2997 1280 3033 que algún espíritu maléfico anduviese en el
277 3053 1283 3090 hogar trastornando y embrollándolo todo.
274 3103 1274 3140 Un trajecito blanco de Carlota, que ella
280 3154 1271 3197 tenía en gran estima por ser de su primera
268 3208 1277 3245 comunión, desapareció del ropero; y por
277 3259 1277 3302 más que eche abajo la ropa, y abri todas las
277 3315 1292 3355 gabetas, no logre encontrarlo. Al cabo de
1325 370 2319 409 un tiempo, necesitando un modelo de bor¬
1325 423 2328 465 dado que tenía Nisia, y no estando ella en
1328 478 2325 518 casa aquel momento para pedirselo, fue a su
1328 529 2325 566 cómoda a buscarlo. Que pensas lo que
1322 582 2331 621 halle en la busqueda? Pues, el trajecito
1328 633 2092 673 blanco de Carlota hecho pedazos.
1427 684 2322 721 Cuando regresó Nista la interrogue so¬
1331 738 2161 778 bre el caso. Palideciendo balbuceo:
1456 789 1997 835 —No.... no he sido yo.
1477 842 1809 882 ¿Quien, pues
1433 891 1824 937 —Sería Martina.
1430 945 2325 991 Debo deciros que Martina es la vieja
1325 1000 2319 1039 criada, con diez y ocho años a mi servicio y
1328 1054 2042 1094 en quien tengo plena confianza.
1436 1105 2325 1145 —Conque Martina, en La llamare
1331 1163 1725 1203 para interrogarla.
1433 1212 2334 1250 No; no—repitió ella — no fue Martina:
1319 1262 1865 1301 sería la misma Carlota.
1480 1314 2325 1357 Criatura!— la dije indignada por el
1336 1371 2319 1408 embuste — iría Carlota contra sus propios
1340 1424 2313 1458 intereses? No la has ordo lamentar la per¬
1325 1474 2263 1516 dida de su traje? Confiesa que ruiste tu.
1474 1528 1994 1567 No; yo no he sido....
1436 1576 2325 1618 No pude lograr que confesara su falta:
1328 1629 2316 1677 siembargo la prueba estaba palpable y
1328 1686 1453 1722 clara.
1444 1734 2325 1779 Yo tuve un gran disgusto, y desde aquel
1319 1788 2319 1827 día perdí la confianza en ella. Como aque¬
1328 1843 2331 1879 lla muchacha, educada por religiosas, que
1331 1892 2319 1928 iba á misa y comulgaba con frecuencia, te¬
1328 1942 2316 1982 nía tanto aplomo para mentir; tanta seren¬
1322 1999 2310 2036 dad para impular á inocentes, hechos puni¬
1328 2050 2325 2089 bles cometidos por ella, convirtiendose
1328 2107 2319 2143 luego, entre quejas y lloriqueos, de acusada
1319 2155 2319 2194 en acusadora; de victimaria en víctima? No
1331 2209 2331 2248 pude conformarme con tanta contradicción:
1322 2262 2334 2298 entere á un pariente de lo que sucedía y el
1322 2317 1719 2351 la llevó a su casa.
1427 2362 2009 2405 —Y no volvió V. á verla
1429 2411 2313 2454 —Nó: un día, en diligencias particula¬
1319 2468 2322 2507 res, llegue a la ciudad en que vive. Deseo¬
1319 2525 2322 2567 sa de hacerla una visita, fuí á su casa....
1328 2576 2319 2615 Saben Vds, lo que me sucedio?.... el pa-
1319 2629 2319 2672 riente me dió con la puerta en las narices,
1331 2679 2334 2722 pretextando que yo había calumniado a
1325 2737 1456 2774 Nisia.
1427 2785 2310 2822 Oh! on esclamaron todos, escan¬
1322 2840 1558 2877 dalizados.
1471 2890 2316 2924 De modo que la teoría del medio--
1322 2943 2325 2979 biente —dijo la Sra. de Perez—en el caso de
1322 2996 2328 3033 Elsa y Gisela, como en el de Nisia, nos ha
1319 3049 2328 3087 dado un soberbio mentis. Amigos míos, de
1328 3099 2317 3142 rarezas iguales esta llena la psicología fe¬
1328 3157 1501 3194 menina.
1618 3232 2269 3272 ISABEL A. VDA. PELLERANO.
1325 3312 1982 3349 Santo Domingo, Junio 1923.
