2479 3508
310 162 504 315 Página 7
2024 177 2274 327 Fémina
573 341 1152 374 ¿Quién trastornó la ventura
519 380 1053 422 de aquella dicha perdida
519 427 1077 463 que se tornó en amargura
519 466 1024 502 sobre la paz de mi vida?
522 517 1104 547 ¿Quién causa la desventura
522 559 1146 595 que en mi existencia precaria
534 606 1056 639 prolonga mi lucha diaria
528 648 1032 678 en el afán con que vivo
534 690 1095 726 me hace en mi suelo nativo
534 732 1140 765 misero, huérfano paria......
576 830 1185 872 Bien sé que en remotos años,
528 875 1053 914 al ver la nave extrangera
534 917 1009 953 temblaron los aledaños
519 962 991 1001 de mi inocente ribera,
519 1007 1032 1042 i sé que en la primavera
522 1048 1104 1090 de mis radiantes montañas,
522 1090 1015 1126 ávidas manos extrañas
522 1138 1224 1180 que en paz me hicieron la guerra,
531 1180 1041 1216 hallaron buena mi tierra.
537 1230 1080 1260 para sus campos de cañas!
576 1299 1068 1341 allí mi dolor se inicia,
525 1353 1161 1386 porque en mis pródigos llanos
516 1389 1038 1425 tendiendo fué la Codicia
522 1433 1107 1472 la insaciedad de sus manos;
525 1475 1092 1511 hasta que en hora propicia
531 1526 1021 1559 para su bien y mi daño.
528 1568 985 1601 mal año tuve, mal año
528 1610 1098 1646 sobre mis tiempos mejores
528 1657 1101 1687 que en mis callados dolores
525 1699 1137 1738 son mis recuerdos de antaño.
564 1774 1182 1813 (¿Que tenga Dios en su gloria
519 1819 1038 1855 el alma de aquel cubano
519 1863 1086 1902 que es ídolo en la memoria
519 1905 1009 1944 del pueblo macorisano;
528 1950 1056 1992 pero en la dolida historia
519 1995 1122 2040 que vo diciendo en mi canto,
522 2040 1074 2075 si exulto su nombre santo
516 2081 988 2123 con religiosa fruición,
519 2123 952 2162 no olvida mi corazón.
519 2171 1083 2213 que él sólo causó mi llanto.
573 2246 1167 2296 Porque en mis remotos días,
513 2296 985 2326 con milagrosos afanes
516 2332 1044 2374 cruzó mis tierras baldías
504 2386 1030 2416 multiplicando los panes:
513 2413 1065 2467 pero hono tengo alegrías
513 2469 1044 2511 bajo el dolor de mi ocaso,
528 2517 1047 2547 porque en mi feliz regazo
519 2562 1041 2598 sólo causaron mis males,
516 2598 994 2637 los verdes cañaverales
522 2646 1140 2685 que él fué dejando á su paso!)
710 2717 1021 2762 SEGUNDA PARTE
561 2801 1125 2834 Desde el rincon de mi vida
510 2840 1077 2876 contempla mi vista huraña
513 2884 1015 2923 la verde pompa garrida
504 2926 1038 2968 el esplendor de la caña;
519 2971 1050 3007 mas siente el alma dolida
513 3019 1083 3049 que en los reconditos lares
510 3064 997 3094 donde elevó sus altares
522 3105 970 3144 para decir su oración.
522 3144 1068 3183 vergue su esbelto pendón
516 3195 1119 3231 la caña en sus verdes mares.
1400 344 1955 380 alegra el campo fecundo
1370 386 1934 424 cuando en las cálidas horas
1361 430 1874 466 con su respiro profundo
1361 475 1851 511 cruzan las locomotoras
1364 517 1955 556 como ilusión de otro mundo.
1370 565 1931 598 l cambia el deleite honrado
1367 606 1803 642 de mi vivir reposado
1376 654 1862 690 por la labor sempiterna
1367 696 1895 732 con que la Vida moderna
1373 744 1859 777 galopa sobre el Pasado!
1379 809 1934 860 trepa sobre los montes,
1364 863 1848 896 al seno de la montaña
1361 908 1889 941 penetra en los horizontes
1361 950 1877 989 que va surcando la caña,
1364 995 1880 1031 pero dejando Amatontes!
1355 1036 1901 1069 en los antiguos vergeles
1364 1084 1940 1114 que entre divinos broqueles
1355 1123 1922 1162 cuidaba Dios con su mano,
1361 1168 1865 1204 sólo respira el cristiano
1367 1210 1916 1248 el dulce olor de las mieles.
1403 1335 1961 1377 ¡Oh verde, preciosa grama,
1364 1383 1958 1416 que en el blason de tus hojas
1370 1424 1889 1460 luces la espléndida gama
1361 1466 1967 1502 que ante mis tristes congojas
1352 1511 1898 1547 se anima en tu panorama!
1364 1553 1946 1592 No por el dolor que entraña
1361 1598 1895 1634 la pena que me acompaña
1361 1642 1868 1678 bajo mi triste abandono,
1361 1687 1979 1723 me atrevo a guardarte encono¬
1364 1726 1928 1765 ni amarte menos ¡Oh Caña!
1403 1813 1979 1843 ¡Que sufra yo que suspire
1361 1857 1949 1896 por la aflicción de mis lares,
1370 1902 1898 1935 pero que siempre te mire
1358 1944 1946 1977 mecida en tus verdes mares
1364 1986 1824 2019 donde la Vida respire!
1355 2034 1931 2064 ¡Que acallen mis aflicciones
1358 2075 1886 2105 las rumorosas canciones
1352 2114 1931 2156 con que mis penas arrullas,
1358 2156 1791 2192 icanten tus aleluyas
1361 2207 1883 2240 las liras de tus pendones
1412 2278 1904 2320 Yo no comparo mi daño
1358 2329 1857 2362 con la ventura presente
1346 2374 1880 2410 que un año tras otro año.
1358 2425 1925 2455 pagó el sudor de mi frente;
1355 2460 1776 2496 ni lloro, feliz antaño,
1358 2505 1901 2541 aunque tu inmenso tesoro
1355 2547 1842 2583 cause mi mal i mi lloro,
1349 2592 1919 2631 porque hoy mi vida sencia
1352 2637 1848 2667 se place en la maravilla
1364 2684 1955 2720 que dejan tus granos de oro.
1397 2750 2024 2789 No importa que en el luciente
1355 2792 1895 2828 verdor de tus esmeradas
1355 2834 1874 2870 se doble triste mi frente
1364 2884 1892 2917 encorvense mis espadas
1349 2923 1979 2968 sudando en el sol ardiente....
1352 2968 1874 3004 Yo sé que la lucha diaria
1349 3013 1883 3049 de mi existencia precaria
1355 3058 1865 3091 ya es una les de mi vida:
1352 3102 1830 3135 yo sol un alma vencida
1355 3144 1818 3183 con la vileza del paria!
1621 3201 2003 3240 BALDEMARO RIJO.
