2479 3508
128 220 391 256 Fémina
1973 191 2167 236 Página 8
229 310 997 355 Párrafos oportunos.
182 391 1128 433 A propósito del conceptuoso tra¬
95 433 1125 475 del señor Felino A. Vicioso, que publicamos
92 481 1128 523 en esta edición, reproducimos estos oportunos
104 523 1119 571 párrafos de la tesis para Maestra Normal, sus
92 574 1122 613 tentada por nuestra particular amiga la Srta.
92 615 1119 657 Laura Bonetty. El cinematógrafo es tambien¬
98 660 1122 705 un factor de educación social y puede facilmente
95 708 1119 747 torcerse su objeto, cuando tan solo se represen¬
95 753 1125 792 tan cintas emocionantes, dramas horribles etc.
89 798 1122 836 etc., dando por resultado el endurecimiento de
98 845 988 884 la sensibilidad moral en la muchedumbre.
137 893 1131 929 Es de necesidad que el Municipio tenga un
98 934 1107 971 censor de cines para evitar la proyección de pe¬
92 980 1122 1019 liculas inmorales o que representen escenas que
92 1024 1119 1063 den por resultado un falso concepto del cumpli¬
89 1069 1122 1111 miento del deber. Con mayor razón si a los es¬
101 1113 1131 1156 pectáculos concurren niños, pues las sacudidas
95 1161 1128 1201 experimentadas por sus débiles organismos se
92 1204 1113 1248 grabaran e iran formando el carácter y el cora
89 1251 1128 1290 zón de esa futura sociedad y para que esta tenga
98 1298 1128 1335 solidas bases morales es muy conveniente que
95 1344 928 1384 la infancia reciba influencias honestas.
391 1420 901 1459 Tu Mano
471 1480 1107 1516 Para la dulce y linda Dulce M. Rodriguez,
211 1537 898 1579 tu anda mano que santicara
146 1598 928 1635 la seda alegre de los mananuales,
149 1648 844 1682 tiene la ideadas punda y rara
152 1698 1083 1743 de un ruiseñor cantando entre rosales....
214 1758 919 1803 tu inda mano no destruye rosa
167 1821 910 1863 sabe enjoyar muy dencadamente,
152 1874 928 1916 con inquiera febril de mariposas,
167 1930 808 1967 la divina tersura de tu frente.
208 1991 892 2033 Dejamela pesar bajo la tarde,
155 2041 955 2086 mientras mi corazón palpita y arde
158 2101 1044 2143 con intimo placer, deja que henenido
211 2160 906 2203 de ternura sus la ponga sobre
155 2221 877 2257 mi altiva rente de poeta pobre
161 2274 874 2313 para robarle su calor de nido...!
361 2361 826 2397 Ala de Cisne
638 2415 874 2451 Para la misma.
364 2477 794 2522 Papitante, y suave
316 2534 794 2573 como un tenue brío,
316 2585 758 2624 la pina que es ave
322 2639 662 2678 clavel y delirio
364 2707 767 2746 de mi vida grave,
325 2758 737 2800 paso con un cirio
319 2812 749 2851 buscando la clave
319 2871 868 2907 de un hondo martirio....
370 2932 874 2973 Su crencha temblaba
322 2985 794 3021 como una fulgencia
322 3045 862 3090 sobre un jazminero.....
385 3104 806 3143 Nul psiquis esclava
325 3161 883 3200 le ofrendo esta esencia:
337 3218 931 3257 te quiero, te quiero..
432 3278 886 3315 Antonio Valdez, hijo.
331 3323 716 3360 Higuey, R. D. 1923
1334 272 2155 314 Santo Domingo, Junio 12 de 1923.
1173 344 1862 386 Srta. Petronila Ang. Gómez,
1331 403 2215 448 Distinguida Directora de la ilustrada
1331 463 1788 505 Revista "Fémina.
1504 522 2057 562 San Pedro de Macoris.
1179 609 1645 648 Culta y noble Srta:
1218 669 2215 720 El amor á las bellas artes, como el gusto
1170 724 2212 776 sencillo y delicado es la tierna y fresca am¬
1170 779 2218 830 brosía de los espíritus elevados; así, como
1173 835 2218 886 la benevolencia por los que, haciendo del
1173 888 2218 940 arte su unica teogonía, luchan en la vida con
1173 945 2215 997 las rudezas del destino, por hacer luz y ar¬
1179 1001 2218 1046 monía plástica su ideal; es la verdadera ca¬
1170 1048 2218 1100 ballerosidad cristianado los autenticos elegi¬
1170 1103 2224 1155 dos que, con el silicio de la vida han podido
1170 1169 1749 1209 tallar su propia estatua.
1230 1212 2215 1266 Ayer, hoy, mañana, mi espíritu siempre
1170 1267 2206 1316 en tensión como el arpa de los antiguos poe-
1176 1321 2215 1373 tas, siempre con la armonía de linea, el dul¬
1179 1376 2221 1427 ce tono del color, y suave arpegio de la
1179 1426 2218 1483 luz... y cuando en su firica Romería des¬
1182 1485 2233 1534 cubre en los zarzales del camino, un elevado
1188 1535 2218 1592 y noble propósito, deposita en sus manos es¬
1182 1604 2224 1652 partanas la numnde labor de sus ensueños...
1179 1657 2230 1687 Esta que adjunto os remito, deseo la inserte
1179 1706 2212 1749 en las columnas de la simpática "Femina,
1185 1760 2227 1803 verdadero exponente de la cultura nacional,
1188 1819 1910 1867 gema de mi pobre humanidad.
1236 1896 2221 1944 Me suscribo de Vd. su sincero y respe¬
1185 1959 1549 2001 tuoso servidor.
1815 2007 2176 2046 KAMON PEREZ.
1292 2063 1645 2108 (Colina Sacra)
1295 2180 2116 2231 La Belleza no Muere!
1597 2264 2236 2306 Para la gentil y encantadora
1600 2314 2236 2350 Srta. Ledo. Natalia Angelica
1600 2362 2173 2392 Garcia, dilecta amiga mía.
1244 2431 2239 2479 La ley natural mató las bellas formas de
1191 2486 2233 2531 Cleopatra, de Frine y de Krisís, porque la
1194 2540 2239 2591 belleza física es pasajera pero quien mata
1191 2591 2230 2642 la belleza plástica y armoniosa? ¿Podrá mo¬
1191 2647 2227 2695 rir un cuadro de Leonardo de Vinci, una sin¬
1188 2703 2242 2746 fonía de Beethoven, o un verso de Alfredo
1188 2758 2242 2800 de Musset? lamas ¡Acaso el salvaje bramido
1191 2812 2239 2860 del mar, el dulce susurrar del río y el canto
1191 2865 2242 2913 del ruiseñor no viven siempre Cuando no
1185 2915 2242 2967 tendra una rosa abierta el jardín temprane¬
1191 2969 2242 3021 ro? Cuando no serán hermosos los crepúscu¬
1194 3026 2239 3075 los de verano en el tropico? jamás. La be¬
1194 3086 2242 3134 lleza no muere. La belleza es eterna como
1189 3147 1403 3185 el alma.
1403 3263 2024 3302 Solución a la Charada No. 11.
1525 3313 1904 3352 MARGARITA.
