2479 3508
379 243 582 289 Página 9
2089 255 2358 301 Femina
662 482 2068 522 NUESTROS POETAS JOVENES
692 733 2048 791 YO SE QUE NO VENDRAS...
1570 828 1925 871 A LA AUSENTE
480 977 1280 1013 Te huiste de mi amor, y desde entonce
388 1021 1140 1057 te espero lleno de un dolor cobarde,
397 1066 1224 1099 ay cuando el sol, como adalid de bronce
397 1114 1179 1150 miente amores al alma de la tarde....
477 1207 1230 1243 The interrogado á todos los viajeros
388 1248 1044 1284 y todos me refieren pensativos,
397 1299 1227 1329 que te han visto cruzar por los senderos
397 1338 1191 1377 envuelta en tus ensueños fugitivos....
483 1436 892 1466 Algo dice á mi oído
394 1478 1292 1517 que ya tú no vendrás, que en vano abiertas,
394 1520 1140 1559 esperándote siempre, he mantenido
394 1563 1047 1605 de mi palacio lírico las puertas!
477 1663 1164 1699 1 en la derrota de mi vida trunca
397 1705 1119 1741 sé que no volverás; que al rezo mío.
397 1753 1104 1789 no tornarás los ojos negros nunca;
403 1795 1068 1828 que el pobre nido quedará vacio!
480 1893 1286 1929 sin embargo, mi inquietud te espera,
400 1935 1065 1968 y no puedes negarme la rendida
391 1980 1089 2010 ilusión de aguardar tu primavera
403 2024 1047 2062 para el precoz otoño de mi vida!
480 2114 1236 2159 Te espero en cada tarde temblorosa,
394 2159 1173 2195 cuando el viejo dolor de las campanas
409 2207 1152 2240 prende un eco de amor en cada rosa
409 2251 1149 2281 y un recuerdo fatal en las persianas!
483 2349 1227 2380 1 de tanto esperar, tristes y huecas,
400 2389 1158 2428 las que ayer fueron dulces ilusiones,
397 2434 1119 2464 van cayendo como esas hojas secas
394 2480 1215 2511 que el viento arranca de las ramazones!
480 2580 1107 2613 He recorrido triste y soltario
397 2628 1140 2661 los sitios donde te bes en la frente:
394 2672 1173 2705 la sombra de aquel tilocentenario....
400 2712 1125 2754 y los escaños rotos de la fuente....
1474 981 2167 1027 El balcón, los macizos verdecidos,
1382 1027 2077 1069 la acacia, la campanula oportuna,
1391 1066 1997 1108 bajo cuyos ramajes florecidos
1388 1120 2248 1156 mas de una vez nos sorprendió la luna....
1465 1224 2295 1263 Ino vendras después de amarme tanto
1408 1257 2110 1305 Ya no hilaré en la rueca de tu boca
1391 1308 2131 1353 los besos de mi lírico quebranto....
1388 1353 2122 1389 por eso aquel dulce recuerdo, troca
1385 1397 2164 1437 mi vida en duelo, mi sonrisa en llanto!
1474 1511 2295 1544 No vendrás, no vendras Algo agorero
1394 1553 2131 1592 repite á mi ilusión que no te espere,
1388 1592 2209 1634 —en el viento que pasa—y yo te espero
1394 1642 2095 1681 porque pienso en mi livida agonía,
1385 1684 2271 1720 que esta misma nostalgía que hoy me hiere
1391 1731 2089 1765 puede amargar en corazón un día
1483 1837 2260 1872 Yo lo sé. No vendras a darme el vino
1385 1878 2039 1917 embriagador de tu mirada vaga.
1391 1922 2164 1962 En vano he de esperarte en el camino
1391 1966 2110 2005 como una débil llama que se apaga!
1477 2078 2200 2117 medito en mi duelo sobrehumano,
1394 2123 1800 2156 piadoso y condolido
1388 2168 2209 2204 de aquel amor deshecho, que no en vano
1385 2212 2146 2249 la ansenciales precursora del Olvido!
1474 2315 2185 2358 Pero te espero con el alma ansiosa
1379 2358 2101 2401 en cada tarde triste y temblorosa,
1388 2410 2155 2440 cuando el viejo dolor de las campanas
1394 2455 2134 2487 prende un eco de amor en cada rosa
1397 2498 2212 2532 y un recuerdo fatal en las persianas....
1752 2602 2292 2645 MIG. ANG. PEGUERO HIJO.
1385 2712 1701 2752 Junio 21, 1923.
