2479 3508
101 202 379 239 Fémina
1934 182 2179 218 Página 10
415 394 1988 432 Por el Mundo Social
116 635 1128 672 La Casa de España y su auguración— El día 24 de este
80 678 1125 720 mes, celebróse con toda la pompa que requería
74 726 1122 765 tan importante motivo, la mauguración de la ca¬
74 774 1119 810 sa de España, noble y elevada institución que
80 815 1113 851 prestiga y dignífica el nombre de la Madre Pa¬
74 860 1122 902 tria y el de los elementos españoles que llevan¬
71 911 1119 947 consigo la divisa de paz y trabajo, en esta
77 961 298 995 república.
122 1003 1119 1034 Felicitamos á los elementos que han puesto
74 1047 1116 1084 tan noble empeño en el prestigio de su raza,
77 1092 1119 1126 muy especialmente á nuestro particular amigo
77 1140 1119 1177 el Sr. Don Benjamin Portela Alvarez, alma y
74 1188 773 1222 cerebro de la citada institución.
116 1283 1113 1320 Don Jose Lebrón Morales Tenemos especial placer
74 1328 1107 1365 en reproducir el muy bonito soneto del inspira¬
71 1374 1128 1410 do poeta Sr. Don Jose bebron morales, dedicado
71 1422 1113 1457 sl Sr. José Manuel Govin, Presidente de la Em¬
89 1468 1125 1505 presa. El Mundo, de la Habana, en ocasion de
77 1516 1122 1550 la visita que nos hiciera en días pasados esta
83 1567 376 1601 personalidad.
125 1662 1125 1693 Nuestra suplica— Reiteramos a nuestros amables
71 1707 1122 1741 colaboradores el deseo de que nos envien sus
77 1756 1128 1789 trabajos para la edición del lo de Juno próximo,
77 1801 1128 1834 con suficiente anterioridad, pues como diena
80 1845 1122 1878 edición será doble por tratarse de celebrar el
86 1890 1116 1926 primer aniversario de nuestra revista, necesita¬
80 1937 1122 1968 mos disponer de tiempo sunciente para prepa-
80 1985 197 2016 rarla
131 2030 638 2064 Sabremos agradecerlo.
119 2125 1125 2165 Alma...—Con atenta dedicatoria que agradece¬
80 2177 1122 2210 mos, hemos recibido el nuevo libro de versos
77 2219 1116 2252 así titulado, y cuyo autores el joven español J.
83 2263 1006 2299 Martinez Conde, estimado amigo nuestro.
149 2307 1125 2344 Alma.... deja ver en sus paginas, que es
80 2355 1119 2386 de artista el alma del autor, y que de ella surge
77 2403 1116 2440 el arte sutil y bello, para nacer mas llevadera y
80 2448 1131 2482 apacible la vida de nomada errabundo, poeta
77 2499 591 2529 o peregrino del poeta.
128 2541 1122 2574 Dicho libro esta presentado por un pero pro¬
80 2588 883 2619 logo del fecundo bardo Emilio Morel.
128 2630 1116 2667 Felicitamos al amigo artinez Conde y le de¬
83 2680 647 2714 seamos un éxito comploto.
125 2767 1128 2804 Sensible fallecimiento— El día 26 del mes que finaliza,
83 2810 1119 2843 después de larga y penosa enfermedad, se dur¬
83 2858 1116 2894 mo para siempre en la paz del Señor, la estima
83 2905 1125 2935 da señora Altagracia Aryste de Alvarez, esposa
80 2950 1134 2983 de nuestro amigo el señor Don Ricardo Alvarez.
134 2997 1122 3028 Nos unimos sinceramente al duelo del señor
80 3042 1131 3073 Alvarez y demás familiares, y regamos á Dios
83 3090 1131 3126 por el descanso eterno del alma de la estimada
86 3138 283 3168 tenecida.
128 3233 1125 3270 re de erratas—En nuestra edición anterior se des¬
83 3280 1131 3314 lizaron dos erratas que deploramos. En la com¬
1170 624 2218 669 posición del poeta Miguel A. Guerrero donde
1164 672 2224 705 dice: De culpa soberana, debe leerse: Es culpa
1164 714 2215 756 soberana; en la del poeta Enrique Cambier don-
1164 761 2221 801 de dice: y pienso y en tus ojos, lease: Y pienso
1164 814 1498 848 que en tus ojos.
1212 851 2221 893 Pedimos excusa a estos apreciados colabora¬
1167 902 1316 941 dores.
1215 998 2209 1037 Van mejorando—celebramos la mejoria que expe¬
1173 1042 2221 1087 rimentan en su salud los apreciados enfermos
1164 1090 2215 1132 José y Tete manen, rete Albizu, Pura Fernan¬
1164 1137 2218 1177 dez y Eduvigis Rois, quienes resultaron heridos
1173 1185 2218 1222 por haberse volcado un auto que ocupaban, en
1161 1237 1597 1269 la carretera Mella.
1209 1278 2218 1314 Deseamos es un cabal restablecimiento, muy
1170 1319 2206 1359 especialmente a Jose, cuyas consecuencias fue¬
1176 1364 2218 1401 ron en el mas lamentables que en sus compa¬
1173 1421 1325 1454 ñeros.
1218 1513 2224 1553 Colaboracion valiosa —Una nueva producción de la
1170 1562 2221 1604 pruma maestra de Doña Isabel Vda. Pellerano,
1164 1607 2161 1646 ha venido á honrar nuestro presente número.
1212 1648 2221 1687 Grande es la satisfacción que nos proporciona
1170 1692 2224 1735 la colaboración de Doña saber, por lo que le
1167 1749 1749 1780 estamos muy agradecidas.
1212 1844 2224 1881 Nueva revista —Nos participa en atenta tarjeta el
1173 1890 2224 1932 señor Rafael V. Montalvo, la próxima aparición
1170 1939 2221 1971 en la Capital de una revista titulada Pala
1173 1983 2224 2022 dirigida por dicho senor Montalvo y redactada
1176 2028 2224 2067 por el conocido y competente escritor Lorenzo
1170 2081 1585 2111 Despradel (Muley
1218 2122 2227 2159 Buena acogida le auguramos y deseamos al
1167 2173 1471 2207 nuevo colega.
1212 2269 2230 2305 En el sortes celebrado entre las soluciones de la
1170 2314 2233 2350 charada No. 11 resto agraciada la señorita
1176 2362 2227 2398 Mercedes E. Vargas, domicinada en San Jose,
1179 2404 2215 2440 (Villa velazquez, y a quien le fué enviado su li¬
1173 2448 2221 2487 bro por correo, ya con el premio nuestra re¬
1173 2504 1370 2535 citación.
1227 2543 2221 2583 Rogamos a las damas concursantes enviar su
1176 2594 1773 2625 direccion clara y completa.
1215 2689 2230 2726 Lorana fidar -Perfuma las paginas de la presen¬
1176 2734 2239 2771 te edición de nuestra revista el grabado de la
1185 2785 2221 2819 niña norada Aidar, nija de los esposos Simon y
1179 2836 1471 2867 Marta Andar.
1218 2887 2230 2923 Lorada, que es un capunio de gracia y genti¬
1179 2935 2233 2971 leza, acaba de regresar de los Estados Unidos
1173 2977 2227 3016 en donde se encontraba hacia algún tiempo cur¬
1179 3030 2173 3064 sando idiomas y su arte preanecto la música.
1221 3083 2230 3117 Su instrumento favorito es el piano, y á su
1179 3129 2233 3165 corta edad la años, lo maneja con admirable
1179 3179 1412 3210 ejecución.
1233 3233 2236 3267 Depositamos a los pies de Zorada las nores
1182 3278 1931 3311 de nuestra admiración y simpatía.
