2479 3508
1549 0 2301 49 Archive General de la Nación
1746 74 2080 127 HEMEROTECA
965 348 1749 402 ENINA
629 480 2033 539 REVISTA DE LITERATURA, CIENCIAS Y ARTES
910 534 1752 584 CONSAGRADA ALA MUJER.
967 617 1692 673 DIRECTORA ADMINISTRADORA:
862 671 1809 724 PETRONILA ANGELICA GOMEZ
1158 725 1510 778 Maestra Normal.
1173 817 1492 867 REDACTORES:
859 862 1794 918 MARIA L. ANGELIS DE CANINO.
429 898 2239 960 PETRONILAA GOMEZ, CONSUELO MONTALVO DE FRIAS.
2188 982 2337 1037 No 15
922 993 1730 1044 Sa Pedro de acos, Marzo 15 de 1923
334 1008 540 1058 año
474 1220 2304 1279 todo el de
528 1564 1322 1620 NTINDESE por un hogar bien
337 1600 465 1667 A
540 1614 1310 1673 organizado, aquel cuvos morado¬
383 1650 498 1715 A
546 1668 1316 1727 res con el buen uso de sus correo¬
546 1722 1325 1784 tas costumbres, lo han colocado
331 1756 423 1814 A
422 1776 1325 1831 á un nivel de perfección en el cual
546 1829 1319 1888 reine el orden mas completo, des¬
301 1877 1322 1942 de la armonía de su mobiliario y demás ob¬
313 1934 1337 1996 jetos o prendas destinados á la comodidad
307 1988 1325 2050 e higiene de todos los que bajo su techo ha¬
316 2041 1313 2103 bitan, hasta los modales que entre sí em¬
322 2098 1041 2160 pléen para tratarse los mismos.
364 2152 1334 2217 Si penetramos en un hogar en el cual sus
310 2209 1319 2271 habitadores están dotados de perfecta cul¬
307 2268 1316 2324 tura, notaremos en su aspecto desde prime¬
313 2313 1328 2375 ra vista, como el arte tomando su sitio pre¬
301 2370 1319 2429 dilecto se encarga de la estética que sinteti¬
344 2421 1343 2480 a, con el refinamiento mas exquisito su
310 2474 1340 2536 ornamentación y adivinaremos desde luego
316 2528 1343 2590 que la mano femenina lo ha recorrido todo
316 2582 1325 2644 como inquieta mariposa de alegría, que es¬
328 2641 1331 2700 parce con el polvillo de sus alas, belleza,
328 2695 976 2751 atracción, perfume y poesía.
370 2749 1343 2811 Empero, no amargueis la dulzura de esa
319 2803 1337 2868 alma blanca y pura, toda amor y abnega¬
328 2856 1334 2918 ción, para que no se altere este orden y sea¬
319 2910 1325 2969 su espíritu noble y fuerte capaz de conser¬
331 2964 1328 3020 var la paz y la dicha de su hogar aun á cos¬
325 3024 988 3080 ta de los mayores sacrificios.
370 3080 1328 3139 Dad cariño y solicitud á la que el Creador
322 3131 1328 3196 os dió por compañera, y sereis también fe¬
316 3191 1337 3250 lices, al par que vuestra conciencia sosegada
388 1501 483 1575 E
1364 1555 2373 1614 os presentará claro y hermoso el árido sen¬
1364 1608 2382 1670 dero de la vida. ¿Qué sería el mundo para
1370 1662 2140 1721 vosotros sin esa tierna compañía?
1421 1710 2382 1772 Un desierto sin oasis, un campo sin flores
1370 1764 2382 1829 ni perfumes, sin mariposas ni sonrisas, en
1370 1817 2379 1885 donde no hallaríais en vuestras horas de
1367 1871 2379 1933 cansancio y de fatiga el dulce remanso del
1367 1928 2376 1987 amor que es la felicidad de la existencia;
1373 1976 2379 2038 ni os alarmeis porque un grupo de mujeres
1373 2029 2382 2097 decididas labore desde la vieja Europa con
1367 2086 2385 2148 la aristocracia y sprit de su Francia y el
1373 2137 2382 2199 romanticismo de su bella y heróica España
1379 2188 2379 2253 hasta la jóven América, en cuyo seno se
1379 2238 2382 2306 verguen magestuosas las Antillas, como so¬
1376 2295 2388 2363 ñadoras adolescentes, y prosigan inspiradas
1382 2352 2382 2414 cada una, cual otro nuevo Colón, en el noble
1373 2403 2388 2465 empeño de encontrar la tierra ambicionada
1376 2450 2379 2521 donde plantar la gloriosa enseña de la civili¬
1373 2516 2385 2575 zación, con la honrosa cultura femenina,
1385 2558 2382 2635 para llevar el contento á los hogares despo¬
1379 2615 2382 2677 seídos del arma poderosa de la armonía,
1382 2671 2382 2733 donde el hombre se convierta en tiranuelo,
1376 2725 2388 2784 o la mujer se incapacite para el gobierno de
1385 2776 2382 2838 su hogar por medio de su ignorancia, llevan¬
1388 2827 2388 2894 do tras sí el derrumbe del hermoso alcázar
1382 2886 2125 2945 destinado tan sólo á la felicidad.
1415 2934 2391 2996 El feminismo consciente, lejos de estar
1382 2988 2385 3050 reñido con el hogar, busca su perfecciona¬
1379 3039 2388 3103 miento para un fin que propende á dar con
1379 3101 2083 3157 la clave del bienestar general.
1609 3173 2334 3235 CONSUELO MONTALVO DE FRíAS.
991 1465 1680 1518 PAGINA PARA LOS ESPOSOS
