2479 3508
176 217 456 270 Fémina
152 313 1000 366 LOS NUEVOS DERROTEROS
534 429 1862 488 LALLAD
200 681 325 760 E
182 719 253 784 A
221 826 310 895 A
191 955 316 1020 E
388 904 1149 963 todas las alcobas del palacio, má
388 961 1176 1020 tente de usar jamás, esta de oro
382 1017 1173 1070 que abre el arca de mis secretos..
208 1059 1176 1118 El arca de sus secretos, díjose para sí
149 1119 1176 1181 la mujer un tanto picada de inocente curio¬
155 1179 1173 1238 sidad; y contemplando la misteriosa llave,
152 1229 1176 1288 repetía; el arca de sus secretos, el arca de
155 1292 537 1345 sus secretos.
203 1337 1176 1396 Entablóse una lucha en el corazón de a¬
152 1391 1182 1455 quella mujer, aún niña inocente, entre la
149 1447 1185 1506 ansiedad de conocer los secretos del corazón
158 1507 1170 1560 de aquel hombre que la había cautivado, y
155 1555 1176 1611 el deber de respetar la órden de su esposo y
149 1608 1179 1667 su dueño. Acaso no le había entregado
158 1662 1176 1721 ella todo su ser sin reservas ni secretos?
164 1716 1179 1775 Dónde estaba el amoroso empeño de un
158 1767 1176 1832 hombre que se había confesado mil veces
155 1823 1176 1879 esclayo suyo antes de haberse unido á ella?
164 1877 1188 1936 No fué acaso aquel un mutuo intercambio
158 1934 1167 1993 de almas y corazones entre dos partes igua¬
158 1985 1176 2044 des? O fué quizás una trama, un burdo en¬
216 2038 1179 2091 ño, que la parte más fuerte prepara á esa¬
155 2092 1185 2151 otra parte que pone el corazón en todos sus
155 2149 1182 2208 actos? Mas bien parecía todo aquello un
167 2200 1170 2265 pacto de compra venta en que la mujer pa¬
158 2253 1179 2315 saba á poder del hombre como una mera
161 2307 1179 2366 cosa. Y se indignó la esclava ante esta
161 2364 1182 2423 idea, se sobrepuso la dignidad y vibró en
164 2418 1176 2477 ella el espíritu exaltado de la madre del
164 2480 337 2533 mundo.
223 2519 1188 2578 Oh, veamos el secreto....! Y se abrió
155 2582 1182 2638 el arca misteriosa, no como dice la levenda
161 2633 1176 2691 a impulsos de la curiosidad dominando sobre
164 2689 1179 2748 la débil voluntad de una mujercita, sino por
167 2743 1179 2799 el espíritu de justicia y la consciencia del
164 2797 898 2859 derecho revestidos y ultrajados.
269 2848 1179 2903 eamos, el mismo derecho nos asiste.
175 2903 1179 2954 Somos dos seres humanos unidos de común
164 2955 1182 3017 acuerdo y por un mismo sentimiento. Me¬
167 3012 1179 3068 dia sólo una distancia entre ambos, la dife¬
170 3068 1185 3124 rencia de sexo, y esta diferencia no implica,
164 3119 1185 3178 inferioridad en uno o en otro que pueda¬
170 3173 1179 3235 prejuzgar los derechos de ninguno. Y ade¬
161 3224 1185 3289 más, quien fué aver dueña y señora del co¬
1230 1814 2236 1876 y se preparó á la defensa de sus derechos y
1262 1862 2251 1926 la persona. Cosa es esta que no nos cuen¬
1227 1925 2242 1978 ta la llevenda.
1280 1973 2236 2035 Los tiempos han cambiado. Las Leven¬
1221 2026 2251 2088 das van marcando sus huellas en la faz de
1227 2080 2257 2145 la tierra, pero no tienen ya la púrpura de
1227 2137 2248 2196 aquellas que sólo pintaban martirios. Hay
1224 2188 2239 2250 una nueva era. Se respira un nuevo am¬
1233 2238 2242 2306 biente que sana la sociedad de aquellas pes¬
1224 2298 2248 2360 tilencias. Y aunque aún existen hombres
1230 2355 2239 2408 de aquel tipo la sociedad los condena y aca¬
1230 2415 1716 2465 bará por eliminarlos.
1280 2459 2251 2521 Los pueblos cultos avanzan por estos
1233 2516 2254 2575 derroteros aunque sea a paso lento. Aun¬
1236 2564 2248 2626 existen en muchos de ellos la llave de oro y
1233 2624 2263 2686 el arca de los secretos. El privilegio que
1227 2677 2254 2736 tenemos de hacer y deshacer á nuestro an¬
1230 2728 2254 2790 tojo y con menoscabo del derecho y los an¬
1233 2791 1683 2847 tojos de las demás.
1277 2839 2263 2897 La vida tiene para nosotros un aspecto
1230 2892 2260 2954 hermoso por ese lado que nos sonríe. Pero
1233 2949 2260 3008 ese mismo lado es sombrío y lúgubre para
1230 3000 2254 3062 ellas, las que están con nosotros en las ho¬
1236 3062 1543 3115 ras del dolor.
1289 3116 2254 3169 Y mientras sigamos por esos derroteros,
1230 3161 2260 3220 los viejos derroteros, que hacían del hombre
1238 3212 2263 3280 una bestia y convertían á la mujer en su es¬
922 534 1486 590 Por E. SANZ CARRION
841 638 1546 697 (De Feminismo Internacional
1218 734 2239 796 razón de un hombre que la imploró su amor
1215 784 2233 849 rendido á sus plantas, no puede haber deni¬
1227 841 2245 906 grado un ápice al haber correspondido con
1221 907 1534 957 su cariño.
1265 943 2251 1005 Comenzó así, el despertar de aquel cere¬
1218 999 2248 1061 bro que siglos antes, en la prehistoria había
1221 1053 2248 1121 dirigido al mundo, cuando el hombre no era
1218 1110 2245 1172 más que un instrumento de quien ella se
1224 1164 2218 1229 servía para el manejo y cuidado del hogar.
1274 1217 2242 1279 Acaso no lo dice la levenda, por hacer
1224 1265 2242 1336 más digna de compasión á la mujer hacién¬
1221 1322 2248 1387 dola más débil y sumisa y atribuvendo las
1227 1373 2242 1444 funestas consecuencias que pinta en su de¬
1227 1435 2242 1497 senlace, á la flaca condición de la curiosidad.
1224 1486 2245 1551 Mas no pudo ser así, la situación de una
1227 1543 2242 1605 dama de esos días hubo de ser más digna.
1224 1591 2248 1658 Seguramente irguiendo la cabeza marchó
1218 1644 2236 1706 con paso decidido hasta la puerta del miste¬
1218 1704 2254 1766 rio y la abrió. Admiró sorprendida la triste
1218 1758 2251 1817 historia de aquellas que la habían precedido
