<?xml version="1.0" encoding="UTF-8" standalone="yes"?>
<PcGts xmlns="http://schema.primaresearch.org/PAGE/gts/pagecontent/2013-07-15" xmlns:xsi="http://www.w3.org/2001/XMLSchema-instance" xsi:schemaLocation="http://schema.primaresearch.org/PAGE/gts/pagecontent/2013-07-15 http://schema.primaresearch.org/PAGE/gts/pagecontent/2013-07-15/pagecontent.xsd">
    <Metadata>
        <Creator>prov=READ-COOP:name=PyLaia@TranskribusPlatform:version=2.33.0:model_id=419461:lm=provided:date=28_10_2025_18:15</Creator>
        <Created>2025-10-28T18:03:49.953565</Created>
        <LastChange>2025-10-28T18:15:09.405+01:00</LastChange>
        <TranskribusMetadata docId="11368969" pageId="104387254" pageNr="3" tsid="259177029" status="IN_PROGRESS" userId="30120" imgUrl="https://files.transkribus.eu/Get?fileType=view&amp;id=COYXXUIQROARGGBHSUYDWWEP" xmlUrl="https://files.transkribus.eu/Get?id=ZTEEJOWYZGQTNVUXWJNOKYCV" imageId="87594608"/>
    </Metadata>
    <Page imageFilename="0003_p003.jpg" imageWidth="2479" imageHeight="3508">
        <ReadingOrder>
            <OrderedGroup id="ro_1781166475522" caption="Regions reading order">
                <RegionRefIndexed index="0" regionRef="tr_1761671052"/>
                <RegionRefIndexed index="1" regionRef="tr_1761671053"/>
                <RegionRefIndexed index="2" regionRef="tr_1761671047"/>
                <RegionRefIndexed index="3" regionRef="tr_1761671049"/>
                <RegionRefIndexed index="4" regionRef="tr_1761671038"/>
                <RegionRefIndexed index="5" regionRef="tr_1761671040"/>
                <RegionRefIndexed index="6" regionRef="tr_1761671043"/>
                <RegionRefIndexed index="7" regionRef="tr_1761671042"/>
                <RegionRefIndexed index="8" regionRef="tr_1761671046"/>
                <RegionRefIndexed index="9" regionRef="tr_1761671045"/>
                <RegionRefIndexed index="10" regionRef="tr_1761671039"/>
                <RegionRefIndexed index="11" regionRef="tr_1761671051"/>
                <RegionRefIndexed index="12" regionRef="tr_1761671050"/>
                <RegionRefIndexed index="13" regionRef="tr_1761671041"/>
                <RegionRefIndexed index="14" regionRef="tr_1761671044"/>
                <RegionRefIndexed index="15" regionRef="tr_1761671048"/>
            </OrderedGroup>
        </ReadingOrder>
        <TextRegion id="tr_1761671052" custom="readingOrder {index:0;}">
            <Coords points="230,26 718,26 718,156 230,156"/>
            <TextEquiv>
                <Unicode></Unicode>
            </TextEquiv>
        </TextRegion>
        <TextRegion id="tr_1761671053" custom="readingOrder {index:1;}">
            <Coords points="1341,42 2350,42 2350,193 1341,193"/>
            <TextEquiv>
                <Unicode></Unicode>
            </TextEquiv>
        </TextRegion>
        <TextRegion id="tr_1761671047" custom="readingOrder {index:2;}">
            <Coords points="193,214 1149,214 1149,311 193,311"/>
            <TextLine id="tr_1761671047_tl_1" custom="readingOrder {index:0;}">
                <Coords points="289,214 501,211 501,261 289,264"/>
                <Baseline points="289,259 322,256 367,259 412,259 456,259 501,256"/>
                <TextEquiv>
                    <Unicode>Página 3</Unicode>
                </TextEquiv>
            </TextLine>
            <TextEquiv>
                <Unicode></Unicode>
            </TextEquiv>
        </TextRegion>
        <TextRegion id="tr_1761671049" custom="readingOrder {index:3;}">
            <Coords points="2364,233 2358,219 2360,215 2351,207 2311,198 2191,209 2147,209 2116,217 2056,216 2039,211 1974,211 1956,215 1917,214 1877,225 1839,230 1784,232 1679,251 1568,264 1513,267 1518,268 1518,272 1496,274 1371,272 1372,267 1383,267 1368,266 1359,258 1331,246 1312,258 1309,270 1296,279 1309,296 1331,299 1392,293 1740,299 1904,311 2071,315 2311,309 2345,304 2361,296"/>
            <TextLine id="tr_1761671049_tl_1" custom="readingOrder {index:0;}">
                <Coords points="2024,208 2283,208 2283,258 2024,258"/>
                <Baseline points="2024,253 2068,250 2113,253 2158,253 2203,253 2248,253 2283,253"/>
                <TextEquiv>
                    <Unicode>Fémina</Unicode>
                </TextEquiv>
            </TextLine>
            <TextEquiv>
                <Unicode></Unicode>
            </TextEquiv>
        </TextRegion>
        <TextRegion id="tr_1761671038" custom="readingOrder {index:4;}">
            <Coords points="181,280 1295,280 1295,1345 181,1345"/>
            <TextLine id="tr_1761671038_tl_1" custom="readingOrder {index:0;}">
                <Coords points="247,337 1262,343 1262,393 247,387"/>
                <Baseline points="247,382 292,388 337,388 382,388 426,388 471,385 516,388 561,385 606,385 650,385 695,385 740,385 785,385 829,385 874,385 919,385 964,385 1009,385 1053,382 1098,385 1143,385 1188,385 1233,385 1262,388"/>
                <TextEquiv>
                    <Unicode>clava, iremos como las monedas falsas y</Unicode>
                </TextEquiv>
            </TextLine>
            <TextLine id="tr_1761671038_tl_2" custom="readingOrder {index:1;}">
                <Coords points="244,393 737,390 737,440 244,443"/>
                <Baseline points="244,438 289,441 334,438 379,441 423,441 468,438 513,435 558,435 603,435 647,435 692,435 737,435"/>
                <TextEquiv>
                    <Unicode>las cartas marcadas.</Unicode>
                </TextEquiv>
            </TextLine>
            <TextLine id="tr_1761671038_tl_3" custom="readingOrder {index:2;}">
                <Coords points="304,450 1265,432 1265,482 1221,491 304,500"/>
                <Baseline points="304,495 325,495 370,492 414,492 459,489 504,489 549,489 594,489 638,489 683,489 728,489 773,489 818,489 862,489 907,489 952,492 997,489 1041,489 1086,486 1131,489 1176,489 1221,486 1265,477"/>
                <TextEquiv>
                    <Unicode>Son las madres, las hermanas y las es¬</Unicode>
                </TextEquiv>
            </TextLine>
            <TextLine id="tr_1761671038_tl_4" custom="readingOrder {index:3;}">
                <Coords points="256,507 1268,495 1268,545 256,557"/>
                <Baseline points="256,552 283,549 328,546 373,543 417,543 462,543 507,543 552,543 597,543 641,543 686,543 731,543 776,543 821,540 865,543 910,543 955,543 1000,543 1044,543 1089,543 1134,540 1179,540 1224,540 1268,540"/>
                <TextEquiv>
                    <Unicode>posas, las que marchan con nosotros en el</Unicode>
                </TextEquiv>
            </TextLine>
            <TextLine id="tr_1761671038_tl_5" custom="readingOrder {index:4;}">
                <Coords points="253,552 1262,543 1262,593 1218,599 253,602"/>
                <Baseline points="253,597 277,597 322,600 367,600 412,594 456,597 501,594 546,591 591,594 635,597 680,594 725,597 770,594 815,597 859,594 904,594 949,594 994,597 1038,594 1083,594 1128,594 1173,594 1218,594 1262,588"/>
                <TextEquiv>
                    <Unicode>camino de la vida, las que exigen de noso¬</Unicode>
                </TextEquiv>
            </TextLine>
            <TextLine id="tr_1761671038_tl_6" custom="readingOrder {index:5;}">
                <Coords points="250,605 1262,596 1262,646 1218,649 250,655"/>
                <Baseline points="250,650 277,647 322,650 367,650 412,650 456,650 501,650 546,650 591,647 635,647 680,650 725,650 770,644 815,644 859,647 904,647 949,647 994,650 1038,650 1083,647 1128,647 1173,644 1218,644 1262,641"/>
                <TextEquiv>
                    <Unicode>tros el mismo respeto y los mismos privile¬</Unicode>
                </TextEquiv>
            </TextLine>
            <TextLine id="tr_1761671038_tl_7" custom="readingOrder {index:6;}">
                <Coords points="253,665 1277,653 1277,703 1233,706 253,715"/>
                <Baseline points="253,710 292,707 337,701 382,704 426,707 471,704 516,707 561,704 606,704 650,704 695,701 740,701 785,701 829,704 874,701 919,701 964,704 1009,704 1053,701 1098,698 1143,701 1188,698 1233,701 1277,698"/>
                <TextEquiv>
                    <Unicode>gios que concedemos á los demás? Con la</Unicode>
                </TextEquiv>
            </TextLine>
            <TextLine id="tr_1761671038_tl_8" custom="readingOrder {index:7;}">
                <Coords points="259,713 1265,704 1265,754 1221,760 259,763"/>
                <Baseline points="259,758 280,758 325,758 370,758 414,758 459,758 504,758 549,758 594,758 638,758 683,758 728,758 773,758 818,758 862,758 907,758 952,758 997,758 1041,755 1086,755 1131,755 1176,755 1221,755 1265,749"/>
                <TextEquiv>
                    <Unicode>moneda falsa no podríamos pagar al tende¬</Unicode>
                </TextEquiv>
            </TextLine>
            <TextLine id="tr_1761671038_tl_9" custom="readingOrder {index:8;}">
                <Coords points="250,758 1277,764 1277,814 250,808"/>
                <Baseline points="250,803 292,809 337,812 382,812 426,812 471,812 516,812 561,812 606,812 650,812 695,812 740,812 785,812 829,812 874,812 919,809 964,812 1009,812 1053,812 1098,806 1143,809 1188,809 1233,809 1277,809"/>
                <TextEquiv>
                    <Unicode>ro de la esquina deseamos acaso dejarla</Unicode>
                </TextEquiv>
            </TextLine>
            <TextLine id="tr_1761671038_tl_10" custom="readingOrder {index:9;}">
                <Coords points="250,814 1265,811 1265,861 1221,864 250,864"/>
                <Baseline points="250,859 280,859 325,862 370,865 414,865 459,862 504,862 549,865 594,865 638,865 683,865 728,862 773,862 818,862 862,862 907,862 952,862 997,862 1041,862 1086,862 1131,862 1176,859 1221,859 1265,856"/>
                <TextEquiv>
                    <Unicode>en casa? Con las cartas marcadas no po¬</Unicode>
                </TextEquiv>
            </TextLine>
            <TextLine id="tr_1761671038_tl_11" custom="readingOrder {index:10;}">
                <Coords points="250,871 1277,868 1277,918 1233,921 250,921"/>
                <Baseline points="250,916 292,919 337,919 382,919 426,919 471,916 516,919 561,919 606,916 650,916 695,913 740,916 785,913 829,913 874,913 919,919 964,919 1009,916 1053,913 1098,916 1143,913 1188,916 1233,916 1277,913"/>
                <TextEquiv>
                    <Unicode>dríamos echar dos suertes en la mesa de un</Unicode>
                </TextEquiv>
            </TextLine>
            <TextLine id="tr_1761671038_tl_12" custom="readingOrder {index:11;}">
                <Coords points="256,928 1277,922 1277,972 256,978"/>
                <Baseline points="256,973 292,973 337,973 382,973 426,973 471,973 516,973 561,973 606,973 650,973 695,970 740,970 785,970 829,970 874,970 919,967 964,970 1009,970 1053,970 1098,970 1143,970 1188,967 1233,964 1277,967"/>
                <TextEquiv>
                    <Unicode>bandido tratamos, tal vez, de usarlas en</Unicode>
                </TextEquiv>
            </TextLine>
            <TextLine id="tr_1761671038_tl_13" custom="readingOrder {index:12;}">
                <Coords points="250,982 1277,976 1277,1026 1233,1029 250,1032"/>
                <Baseline points="250,1027 292,1027 337,1027 382,1027 426,1027 471,1027 516,1027 561,1027 606,1027 650,1027 695,1027 740,1027 785,1027 829,1024 874,1024 919,1024 964,1024 1009,1021 1053,1024 1098,1024 1143,1024 1188,1024 1233,1024 1277,1021"/>
                <TextEquiv>
                    <Unicode>nuestra propia mesa, para robar la felicidad</Unicode>
                </TextEquiv>
            </TextLine>
            <TextLine id="tr_1761671038_tl_14" custom="readingOrder {index:13;}">
                <Coords points="250,1032 1271,1026 1271,1076 1227,1079 250,1082"/>
                <Baseline points="250,1077 286,1080 331,1080 376,1080 420,1080 465,1080 510,1083 555,1077 600,1080 644,1077 689,1080 734,1080 779,1077 824,1077 868,1074 913,1077 958,1077 1003,1080 1047,1077 1092,1077 1137,1077 1182,1074 1227,1074 1271,1071"/>
                <TextEquiv>
                    <Unicode>de nuestra propia mujer y de nuestros hi¬</Unicode>
                </TextEquiv>
            </TextLine>
            <TextLine id="tr_1761671038_tl_15" custom="readingOrder {index:14;}">
                <Coords points="265,1095 286,1089 510,1089 510,1139 286,1139 265,1145"/>
                <Baseline points="265,1140 286,1134 331,1137 376,1137 420,1134 465,1134 510,1134"/>
                <TextEquiv>
                    <Unicode>jos.</Unicode>
                </TextEquiv>
            </TextLine>
            <TextLine id="tr_1761671038_tl_16" custom="readingOrder {index:15;}">
                <Coords points="313,1146 1277,1137 1277,1187 313,1196"/>
                <Baseline points="313,1191 337,1185 382,1185 426,1185 471,1185 516,1185 561,1185 606,1185 650,1185 695,1185 740,1185 785,1185 829,1185 874,1185 919,1185 964,1185 1009,1185 1053,1185 1098,1182 1143,1182 1188,1182 1233,1182 1277,1182"/>
                <TextEquiv>
                    <Unicode>Es esto lo que implica la llave de oro,</Unicode>
                </TextEquiv>
            </TextLine>
            <TextLine id="tr_1761671038_tl_17" custom="readingOrder {index:16;}">
                <Coords points="247,1193 1259,1188 1259,1238 1215,1241 247,1243"/>
                <Baseline points="247,1238 274,1238 319,1241 364,1238 409,1238 453,1241 498,1238 543,1238 588,1236 632,1238 677,1236 722,1236 767,1238 812,1236 856,1238 901,1238 946,1238 991,1236 1035,1236 1080,1236 1125,1236 1170,1236 1215,1236 1259,1233"/>
                <TextEquiv>
                    <Unicode>el arca de los secretos y todo lo que comba¬</Unicode>
                </TextEquiv>
            </TextLine>
            <TextLine id="tr_1761671038_tl_18" custom="readingOrder {index:17;}">
                <Coords points="253,1253 1265,1241 1265,1291 253,1303"/>
                <Baseline points="253,1298 280,1295 325,1295 370,1292 414,1292 459,1292 504,1295 549,1292 594,1292 638,1292 683,1292 728,1292 773,1289 818,1292 862,1289 907,1292 952,1292 997,1289 1041,1289 1086,1289 1131,1289 1176,1286 1221,1286 1265,1286"/>
                <TextEquiv>
                    <Unicode>ten e impugnan las nuevas generaciones?</Unicode>
                </TextEquiv>
            </TextLine>
            <TextEquiv>
                <Unicode></Unicode>
            </TextEquiv>
        </TextRegion>
        <TextRegion id="tr_1761671040" custom="readingOrder {index:5;}">
            <Coords points="1290,261 2358,261 2358,1314 1290,1314"/>
            <TextLine id="tr_1761671040_tl_1" custom="readingOrder {index:0;}">
                <Coords points="1310,340 2322,328 2322,378 2233,384 1310,390"/>
                <Baseline points="1310,385 1337,382 1382,382 1427,379 1471,382 1516,382 1561,382 1606,382 1650,382 1695,382 1740,382 1785,382 1830,382 1874,382 1919,382 1964,379 2009,379 2054,379 2098,379 2143,379 2188,379 2233,379 2277,376 2322,373"/>
                <TextEquiv>
                    <Unicode>Es esto lo que va desapareciendo en los</Unicode>
                </TextEquiv>
            </TextLine>
            <TextLine id="tr_1761671040_tl_2" custom="readingOrder {index:1;}">
                <Coords points="1322,393 2319,384 2319,434 1322,443"/>
                <Baseline points="1322,438 1334,435 1379,435 1424,435 1468,435 1513,435 1558,435 1603,435 1648,435 1692,435 1737,435 1782,435 1827,432 1871,432 1916,432 1961,432 2006,432 2051,432 2095,432 2140,432 2185,432 2230,432 2274,429 2319,429"/>
                <TextEquiv>
                    <Unicode>pueblos que marchan á la cabeza de la civi¬</Unicode>
                </TextEquiv>
            </TextLine>
            <TextLine id="tr_1761671040_tl_3" custom="readingOrder {index:2;}">
                <Coords points="1307,441 2322,438 2322,488 1307,491"/>
                <Baseline points="1307,486 1337,489 1382,489 1427,489 1471,489 1516,489 1561,489 1606,489 1650,489 1695,486 1740,486 1785,489 1830,489 1874,486 1919,486 1964,486 2009,486 2054,486 2098,486 2143,486 2188,486 2233,486 2277,483 2322,483"/>
                <TextEquiv>
                    <Unicode>lización y lleva el anatema de los hombres</Unicode>
                </TextEquiv>
            </TextLine>
            <TextLine id="tr_1761671040_tl_4" custom="readingOrder {index:3;}">
                <Coords points="1316,498 2325,486 2325,536 2280,542 1316,548"/>
                <Baseline points="1316,543 1346,540 1391,543 1436,543 1480,540 1525,543 1570,540 1615,540 1659,537 1704,537 1704,537 1743,543 1788,540 1833,540 1877,540 1922,540 1967,540 2012,540 2057,543 2101,540 2146,540 2191,540 2236,537 2280,537 2325,531"/>
                <TextEquiv>
                    <Unicode>cultos que dirigen esa marcha? Si eso es</Unicode>
                </TextEquiv>
            </TextLine>
            <TextLine id="tr_1761671040_tl_5" custom="readingOrder {index:4;}">
                <Coords points="1313,549 2325,546 2325,596 1313,599"/>
                <Baseline points="1313,594 1340,597 1385,597 1430,591 1474,594 1519,594 1564,594 1609,594 1653,594 1698,594 1743,597 1788,594 1833,591 1877,594 1922,594 1967,594 2012,594 2057,594 2101,591 2146,594 2191,588 2236,588 2280,588 2325,591"/>
                <TextEquiv>
                    <Unicode>todo, demos gracias á la Providencia Divi¬</Unicode>
                </TextEquiv>
            </TextLine>
            <TextLine id="tr_1761671040_tl_6" custom="readingOrder {index:5;}">
                <Coords points="1313,602 2325,599 2325,649 1313,652"/>
                <Baseline points="1313,647 1340,647 1385,647 1430,647 1474,647 1519,647 1564,647 1609,647 1653,647 1698,647 1743,647 1788,647 1833,647 1877,644 1922,644 1967,644 2012,644 2057,647 2101,647 2146,644 2191,644 2236,644 2280,644 2325,644"/>
                <TextEquiv>
                    <Unicode>na, porque se está llevando á efecto la más</Unicode>
                </TextEquiv>
            </TextLine>
            <TextLine id="tr_1761671040_tl_7" custom="readingOrder {index:6;}">
                <Coords points="1319,656 2328,647 2328,697 2239,703 1319,706"/>
                <Baseline points="1319,701 1343,698 1388,701 1433,701 1477,701 1522,701 1567,698 1612,701 1656,701 1701,701 1746,698 1791,701 1836,698 1880,698 1925,698 1970,701 2015,698 2060,698 2104,698 2149,698 2194,698 2239,698 2283,695 2328,692"/>
                <TextEquiv>
                    <Unicode>grande de las revoluciones, en que se tras¬</Unicode>
                </TextEquiv>
            </TextLine>
            <TextLine id="tr_1761671040_tl_8" custom="readingOrder {index:7;}">
                <Coords points="1319,707 2328,704 2328,754 1319,757"/>
                <Baseline points="1319,752 1343,755 1388,752 1433,752 1477,752 1522,755 1567,755 1612,755 1656,755 1701,755 1746,755 1791,755 1836,752 1880,755 1925,752 1970,752 2015,752 2060,752 2104,752 2149,752 2194,749 2239,749 2283,749 2328,749"/>
                <TextEquiv>
                    <Unicode>trueca un corrompido pero entronado orden</Unicode>
                </TextEquiv>
            </TextLine>
            <TextLine id="tr_1761671040_tl_9" custom="readingOrder {index:8;}">
                <Coords points="1313,758 2331,755 2331,805 2242,811 1313,808"/>
                <Baseline points="1313,803 1346,806 1391,806 1436,806 1480,809 1525,809 1570,809 1615,806 1659,809 1704,809 1749,809 1794,809 1839,806 1883,806 1928,806 1973,806 2018,806 2063,806 2107,806 2152,806 2197,803 2242,806 2286,800 2331,800"/>
                <TextEquiv>
                    <Unicode>de cosas en la sociedad, con el aplauso y la</Unicode>
                </TextEquiv>
            </TextLine>
            <TextLine id="tr_1761671040_tl_10" custom="readingOrder {index:9;}">
                <Coords points="1316,814 2033,814 2033,864 1316,864"/>
                <Baseline points="1316,859 1361,856 1406,862 1450,862 1495,862 1540,862 1585,862 1630,862 1674,859 1719,859 1764,859 1809,859 1854,859 1898,859 1943,856 1988,859 2033,859"/>
                <TextEquiv>
                    <Unicode>sanción de la Ley y de la Paz.</Unicode>
                </TextEquiv>
            </TextLine>
            <TextLine id="tr_1761671040_tl_11" custom="readingOrder {index:10;}">
                <Coords points="1367,868 2331,862 2331,912 2286,915 1367,918"/>
                <Baseline points="1367,913 1391,913 1436,916 1480,913 1525,913 1570,913 1615,913 1659,916 1704,913 1749,913 1794,913 1839,913 1883,913 1928,913 1973,913 2018,913 2063,913 2107,913 2152,910 2197,910 2242,910 2286,910 2331,907"/>
                <TextEquiv>
                    <Unicode>Porque además la hora es llegada en que</Unicode>
                </TextEquiv>
            </TextLine>
            <TextLine id="tr_1761671040_tl_12" custom="readingOrder {index:11;}">
                <Coords points="1313,922 2334,916 2334,966 1313,972"/>
                <Baseline points="1313,967 1349,967 1394,967 1439,970 1483,967 1528,967 1573,970 1618,967 1662,970 1707,967 1752,967 1797,970 1842,967 1886,967 1931,967 1976,967 2021,967 2065,964 2110,967 2155,964 2200,967 2245,964 2289,961 2334,961"/>
                <TextEquiv>
                    <Unicode>se impone un juego más limpio, un pago¬</Unicode>
                </TextEquiv>
            </TextLine>
            <TextLine id="tr_1761671040_tl_13" custom="readingOrder {index:12;}">
                <Coords points="1313,976 2322,967 2322,1017 2233,1023 1313,1026"/>
                <Baseline points="1313,1021 1337,1024 1382,1024 1427,1024 1471,1021 1516,1021 1561,1024 1606,1021 1650,1021 1695,1024 1740,1021 1785,1021 1830,1021 1874,1018 1919,1021 1964,1018 2009,1018 2054,1018 2098,1018 2143,1018 2188,1018 2233,1018 2277,1015 2322,1012"/>
                <TextEquiv>
                    <Unicode>más honrado, ya que no se trata de un ten¬</Unicode>
                </TextEquiv>
            </TextLine>
            <TextLine id="tr_1761671040_tl_14" custom="readingOrder {index:13;}">
                <Coords points="1322,1029 2337,1023 2337,1073 1322,1079"/>
                <Baseline points="1322,1074 1352,1074 1397,1074 1442,1074 1486,1074 1531,1074 1576,1074 1621,1074 1665,1074 1710,1077 1755,1077 1800,1074 1845,1071 1889,1074 1934,1074 1979,1074 2024,1071 2068,1071 2113,1071 2158,1068 2203,1071 2248,1068 2292,1068 2337,1068"/>
                <TextEquiv>
                    <Unicode>dero barato o un jugador tramposo, de una</Unicode>
                </TextEquiv>
            </TextLine>
            <TextLine id="tr_1761671040_tl_15" custom="readingOrder {index:14;}">
                <Coords points="1313,1080 2322,1077 2322,1127 1313,1130"/>
                <Baseline points="1313,1125 1337,1128 1382,1131 1427,1128 1471,1131 1516,1131 1561,1128 1606,1128 1650,1128 1695,1125 1740,1128 1785,1128 1830,1125 1874,1125 1919,1125 1964,1125 2009,1128 2054,1125 2098,1122 2143,1122 2188,1125 2233,1122 2277,1122 2322,1122"/>
                <TextEquiv>
                    <Unicode>transación de dinero o un juego de hazar,</Unicode>
                </TextEquiv>
            </TextLine>
            <TextLine id="tr_1761671040_tl_16" custom="readingOrder {index:15;}">
                <Coords points="1313,1134 2337,1131 2337,1181 1313,1184"/>
                <Baseline points="1313,1179 1352,1182 1397,1182 1442,1182 1486,1182 1531,1182 1576,1182 1621,1182 1665,1182 1710,1182 1755,1179 1800,1179 1845,1176 1889,1179 1934,1176 1979,1179 2024,1176 2068,1176 2113,1179 2158,1176 2203,1176 2248,1176 2292,1176 2337,1176"/>
                <TextEquiv>
                    <Unicode>sino de la felicidad del hogar y del ser cuya¬</Unicode>
                </TextEquiv>
            </TextLine>
            <TextLine id="tr_1761671040_tl_17" custom="readingOrder {index:16;}">
                <Coords points="1316,1191 2334,1185 2334,1235 2289,1238 1316,1241"/>
                <Baseline points="1316,1236 1349,1236 1394,1236 1439,1236 1483,1236 1528,1233 1573,1233 1618,1233 1662,1233 1707,1233 1752,1233 1797,1230 1842,1236 1886,1233 1931,1233 1976,1233 2021,1236 2065,1233 2110,1233 2155,1233 2200,1233 2245,1233 2289,1233 2334,1230"/>
                <TextEquiv>
                    <Unicode>misión es hacer mas grande y mas digna la</Unicode>
                </TextEquiv>
            </TextLine>
            <TextLine id="tr_1761671040_tl_18" custom="readingOrder {index:17;}">
                <Coords points="1316,1238 1698,1241 1698,1291 1674,1294 1316,1288"/>
                <Baseline points="1316,1283 1361,1289 1406,1289 1450,1286 1495,1289 1540,1286 1585,1286 1630,1286 1674,1289 1698,1286"/>
                <TextEquiv>
                    <Unicode>corta existencia.</Unicode>
                </TextEquiv>
            </TextLine>
            <TextEquiv>
                <Unicode></Unicode>
            </TextEquiv>
        </TextRegion>
        <TextRegion id="tr_1761671043" custom="readingOrder {index:6;}">
            <Coords points="190,1354 1272,1354 1272,1538 190,1538"/>
            <TextLine id="tr_1761671043_tl_1" custom="readingOrder {index:0;}">
                <Coords points="367,1444 1080,1447 1080,1497 367,1494"/>
                <Baseline points="367,1489 412,1489 456,1492 501,1492 546,1492 591,1492 635,1492 680,1492 725,1489 770,1489 815,1489 859,1489 904,1489 949,1489 994,1489 1038,1492 1080,1492"/>
                <TextEquiv>
                    <Unicode>to qua Giliente.</Unicode>
                </TextEquiv>
            </TextLine>
            <TextEquiv>
                <Unicode></Unicode>
            </TextEquiv>
        </TextRegion>
        <TextRegion id="tr_1761671042" custom="readingOrder {index:7;}">
            <Coords points="215,1541 1180,1541 1180,2413 215,2413"/>
            <TextLine id="tr_1761671042_tl_1" custom="readingOrder {index:0;}">
                <Coords points="283,1588 719,1591 719,1641 283,1638"/>
                <Baseline points="283,1633 328,1636 373,1639 417,1636 462,1636 507,1636 552,1636 597,1633 641,1633 686,1636 719,1636"/>
                <TextEquiv>
                    <Unicode>Esta agua que viene,</Unicode>
                </TextEquiv>
            </TextLine>
            <TextLine id="tr_1761671042_tl_2" custom="readingOrder {index:1;}">
                <Coords points="289,1638 1074,1629 1074,1679 289,1688"/>
                <Baseline points="289,1683 313,1680 358,1680 403,1677 447,1680 492,1677 537,1677 582,1677 626,1677 671,1677 716,1680 761,1677 806,1677 850,1680 895,1677 940,1677 985,1677 1030,1677 1074,1674"/>
                <TextEquiv>
                    <Unicode>por los nervios pardos de las cañerías</Unicode>
                </TextEquiv>
            </TextLine>
            <TextLine id="tr_1761671042_tl_3" custom="readingOrder {index:2;}">
                <Coords points="283,1677 1021,1674 1021,1724 283,1727"/>
                <Baseline points="283,1722 304,1725 349,1725 394,1722 438,1722 483,1722 528,1722 573,1725 618,1725 662,1722 707,1722 752,1722 797,1722 841,1722 886,1722 931,1719 976,1719 1021,1719"/>
                <TextEquiv>
                    <Unicode>a dar á mi casa su blanda frescura</Unicode>
                </TextEquiv>
            </TextLine>
            <TextLine id="tr_1761671042_tl_4" custom="readingOrder {index:3;}">
                <Coords points="292,1728 1074,1722 1074,1772 292,1778"/>
                <Baseline points="292,1773 313,1770 358,1770 403,1770 447,1773 492,1770 537,1770 582,1770 626,1767 671,1770 716,1767 761,1767 806,1767 850,1767 895,1767 940,1767 985,1767 1030,1767 1074,1767"/>
                <TextEquiv>
                    <Unicode>y el don de limpieza de todos los días,</Unicode>
                </TextEquiv>
            </TextLine>
            <TextLine id="tr_1761671042_tl_5" custom="readingOrder {index:4;}">
                <Coords points="280,1791 677,1791 677,1841 280,1841"/>
                <Baseline points="280,1836 325,1836 370,1839 414,1839 459,1839 504,1839 549,1836 594,1836 638,1836 677,1836"/>
                <TextEquiv>
                    <Unicode>esta agua bullente</Unicode>
                </TextEquiv>
            </TextLine>
            <TextLine id="tr_1761671042_tl_6" custom="readingOrder {index:5;}">
                <Coords points="289,1841 749,1841 749,1891 289,1891"/>
                <Baseline points="289,1886 334,1886 379,1883 423,1883 468,1883 513,1883 558,1883 603,1880 647,1880 692,1883 737,1883 749,1886"/>
                <TextEquiv>
                    <Unicode>que el grio derrama.</Unicode>
                </TextEquiv>
            </TextLine>
            <TextLine id="tr_1761671042_tl_7" custom="readingOrder {index:6;}">
                <Coords points="280,1880 994,1877 994,1927 280,1930"/>
                <Baseline points="280,1925 322,1925 367,1928 412,1928 456,1928 501,1928 546,1925 591,1928 635,1925 680,1928 725,1928 770,1928 815,1928 859,1928 904,1925 949,1925 994,1922"/>
                <TextEquiv>
                    <Unicode>está henchida del hondo misterio</Unicode>
                </TextEquiv>
            </TextLine>
            <TextLine id="tr_1761671042_tl_8" custom="readingOrder {index:7;}">
                <Coords points="286,1925 1116,1928 1116,1978 286,1975"/>
                <Baseline points="286,1970 331,1973 376,1973 420,1976 465,1973 510,1973 555,1973 600,1973 644,1970 689,1970 734,1967 779,1970 824,1973 868,1970 913,1970 958,1973 1003,1970 1047,1973 1092,1973 1116,1973"/>
                <TextEquiv>
                    <Unicode>del cauce del río, del viento y la grama.</Unicode>
                </TextEquiv>
            </TextLine>
            <TextLine id="tr_1761671042_tl_9" custom="readingOrder {index:8;}">
                <Coords points="292,1997 952,1997 952,2047 919,2050 292,2047"/>
                <Baseline points="292,2042 337,2042 382,2045 426,2045 471,2045 516,2045 561,2042 606,2045 650,2042 695,2042 740,2045 785,2045 829,2045 874,2045 919,2045 952,2042"/>
                <TextEquiv>
                    <Unicode>Yo la miro con ávido anhelo....</Unicode>
                </TextEquiv>
            </TextLine>
            <TextLine id="tr_1761671042_tl_10" custom="readingOrder {index:9;}">
                <Coords points="286,2044 979,2041 979,2091 286,2094"/>
                <Baseline points="286,2089 307,2086 352,2089 397,2089 441,2089 486,2086 531,2086 576,2089 620,2086 665,2086 710,2086 755,2086 800,2086 844,2086 889,2086 934,2083 979,2086"/>
                <TextEquiv>
                    <Unicode>Es mi hermana la honda viagera</Unicode>
                </TextEquiv>
            </TextLine>
            <TextLine id="tr_1761671042_tl_11" custom="readingOrder {index:10;}">
                <Coords points="286,2089 1009,2086 1009,2136 286,2139"/>
                <Baseline points="286,2134 292,2134 337,2134 382,2134 426,2134 471,2134 516,2131 561,2131 606,2131 650,2131 695,2131 740,2131 785,2131 829,2128 874,2131 919,2128 964,2131 1009,2131"/>
                <TextEquiv>
                    <Unicode>que a la inmensa ciudad ha venido</Unicode>
                </TextEquiv>
            </TextLine>
            <TextLine id="tr_1761671042_tl_12" custom="readingOrder {index:11;}">
                <Coords points="286,2134 889,2134 889,2184 286,2184"/>
                <Baseline points="286,2179 331,2176 376,2179 420,2179 465,2179 510,2179 555,2179 600,2176 644,2179 689,2179 734,2176 779,2176 824,2176 868,2179 889,2179"/>
                <TextEquiv>
                    <Unicode>de no sé que lejana pradera.</Unicode>
                </TextEquiv>
            </TextLine>
            <TextLine id="tr_1761671042_tl_13" custom="readingOrder {index:12;}">
                <Coords points="295,2206 1038,2200 1038,2250 295,2256"/>
                <Baseline points="295,2251 322,2251 367,2251 412,2248 456,2248 501,2251 546,2251 591,2248 635,2248 680,2251 725,2248 770,2248 815,2248 859,2248 904,2248 949,2245 994,2248 1038,2245"/>
                <TextEquiv>
                    <Unicode>Y, parada ante el grifo que, abierto</Unicode>
                </TextEquiv>
            </TextLine>
            <TextLine id="tr_1761671042_tl_14" custom="readingOrder {index:13;}">
                <Coords points="295,2250 979,2250 979,2300 295,2300"/>
                <Baseline points="295,2295 340,2295 385,2298 429,2295 474,2295 519,2292 564,2292 609,2292 653,2292 698,2292 743,2292 788,2292 832,2292 877,2292 922,2292 967,2292 979,2295"/>
                <TextEquiv>
                    <Unicode>me salica de cuentas la enagua¬</Unicode>
                </TextEquiv>
            </TextLine>
            <TextLine id="tr_1761671042_tl_15" custom="readingOrder {index:14;}">
                <Coords points="286,2292 958,2292 958,2342 286,2342"/>
                <Baseline points="286,2337 331,2340 376,2340 420,2337 465,2337 510,2337 555,2337 600,2337 644,2337 689,2337 734,2337 779,2334 824,2334 868,2334 913,2334 958,2337"/>
                <TextEquiv>
                    <Unicode>siento en mi la mirada fraterna.</Unicode>
                </TextEquiv>
            </TextLine>
            <TextLine id="tr_1761671042_tl_16" custom="readingOrder {index:15;}">
                <Coords points="295,2337 931,2334 931,2384 295,2387"/>
                <Baseline points="295,2382 304,2385 349,2382 394,2382 438,2382 483,2385 528,2385 573,2382 618,2382 662,2382 707,2382 752,2382 797,2382 841,2382 886,2382 931,2379"/>
                <TextEquiv>
                    <Unicode>de los mil ojos claros del agua¬</Unicode>
                </TextEquiv>
            </TextLine>
            <TextEquiv>
                <Unicode></Unicode>
            </TextEquiv>
        </TextRegion>
        <TextRegion id="tr_1761671046" custom="readingOrder {index:8;}">
            <Coords points="223,2411 1238,2411 1238,2493 223,2493"/>
            <TextLine id="tr_1761671046_tl_1" custom="readingOrder {index:0;}">
                <Coords points="597,2406 1104,2412 1104,2462 597,2456"/>
                <Baseline points="597,2451 641,2454 686,2451 731,2454 776,2454 821,2454 865,2454 910,2454 955,2454 1000,2451 1044,2454 1089,2454 1104,2457"/>
                <TextEquiv>
                    <Unicode>JUANA DE IBARBOUROU.</Unicode>
                </TextEquiv>
            </TextLine>
            <TextEquiv>
                <Unicode></Unicode>
            </TextEquiv>
        </TextRegion>
        <TextRegion id="tr_1761671045" custom="readingOrder {index:9;}">
            <Coords points="1149,1345 2319,1345 2319,1543 1149,1543"/>
            <TextLine id="tr_1761671045_tl_1" custom="readingOrder {index:0;}">
                <Coords points="1241,1432 2295,1441 2295,1491 1241,1482"/>
                <Baseline points="1241,1477 1286,1486 1331,1483 1376,1486 1421,1489 1465,1489 1510,1486 1555,1486 1600,1489 1645,1486 1689,1486 1734,1483 1779,1483 1824,1483 1868,1486 1913,1486 1958,1486 2003,1486 2048,1483 2092,1486 2137,1486 2182,1483 2227,1486 2271,1486 2295,1486"/>
                <TextEquiv>
                    <Unicode>a son la Piedia mo.</Unicode>
                </TextEquiv>
            </TextLine>
            <TextEquiv>
                <Unicode></Unicode>
            </TextEquiv>
        </TextRegion>
        <TextRegion id="tr_1761671039" custom="readingOrder {index:10;}">
            <Coords points="1206,1531 2366,1531 2366,2413 1206,2413"/>
            <TextLine id="tr_1761671039_tl_1" custom="readingOrder {index:0;}">
                <Coords points="1241,1579 2191,1582 2182,1635 1241,1629"/>
                <Baseline points="1241,1624 1286,1627 1331,1630 1376,1627 1421,1630 1465,1630 1510,1630 1555,1630 1600,1630 1645,1630 1689,1630 1734,1627 1779,1627 1824,1630 1868,1627 1913,1627 1958,1627 2003,1627 2048,1627 2092,1627 2137,1627 2182,1630 2191,1627"/>
                <TextEquiv>
                    <Unicode>Yo soy la piedra inmóvil junto al camino vivo,</Unicode>
                </TextEquiv>
            </TextLine>
            <TextLine id="tr_1761671039_tl_2" custom="readingOrder {index:1;}">
                <Coords points="1236,1626 2063,1623 2063,1673 1236,1676"/>
                <Baseline points="1236,1671 1256,1671 1301,1674 1346,1674 1391,1671 1436,1671 1480,1671 1525,1671 1570,1671 1615,1671 1659,1671 1704,1671 1749,1674 1794,1671 1839,1671 1883,1674 1928,1671 1973,1671 2018,1668 2063,1668"/>
                <TextEquiv>
                    <Unicode>al arbol envidioso de la nube andariega,</Unicode>
                </TextEquiv>
            </TextLine>
            <TextLine id="tr_1761671039_tl_3" custom="readingOrder {index:2;}">
                <Coords points="1244,1674 2116,1671 2116,1721 1244,1724"/>
                <Baseline points="1244,1719 1265,1716 1310,1716 1355,1713 1400,1716 1444,1716 1489,1716 1534,1716 1579,1716 1624,1716 1668,1719 1713,1716 1758,1716 1803,1713 1848,1716 1892,1716 1937,1716 1982,1713 2027,1713 2071,1716 2116,1716"/>
                <TextEquiv>
                    <Unicode>esto sentada y muda al borde de la vida,</Unicode>
                </TextEquiv>
            </TextLine>
            <TextLine id="tr_1761671039_tl_4" custom="readingOrder {index:3;}">
                <Coords points="1247,1719 2310,1716 2310,1766 1247,1769"/>
                <Baseline points="1247,1764 1280,1764 1325,1764 1370,1761 1415,1764 1459,1764 1504,1761 1549,1764 1594,1764 1639,1764 1683,1761 1728,1761 1773,1761 1818,1761 1862,1761 1907,1761 1952,1761 1997,1761 2042,1761 2086,1761 2131,1761 2176,1758 2221,1758 2266,1758 2310,1761"/>
                <TextEquiv>
                    <Unicode>mientras la senda sigue su marcha hacia el futuro.</Unicode>
                </TextEquiv>
            </TextLine>
            <TextLine id="tr_1761671039_tl_5" custom="readingOrder {index:4;}">
                <Coords points="1236,1817 2185,1812 2185,1862 1236,1867"/>
                <Baseline points="1236,1862 1244,1859 1289,1859 1334,1859 1379,1859 1424,1859 1468,1859 1513,1859 1558,1862 1603,1859 1648,1859 1692,1859 1737,1859 1782,1859 1827,1859 1871,1859 1916,1859 1961,1859 2006,1859 2051,1857 2095,1857 2140,1857 2185,1857"/>
                <TextEquiv>
                    <Unicode>Pasan inquietos seres, caminantes, arrieros,</Unicode>
                </TextEquiv>
            </TextLine>
            <TextLine id="tr_1761671039_tl_6" custom="readingOrder {index:5;}">
                <Coords points="1244,1862 2071,1856 2071,1906 1244,1912"/>
                <Baseline points="1244,1907 1265,1907 1310,1904 1355,1907 1400,1904 1444,1901 1489,1904 1534,1904 1579,1904 1624,1904 1668,1901 1713,1904 1758,1904 1803,1904 1848,1901 1892,1901 1937,1901 1982,1901 2027,1901 2071,1901"/>
                <TextEquiv>
                    <Unicode>parejas enlazadas, y familias contentas.</Unicode>
                </TextEquiv>
            </TextLine>
            <TextLine id="tr_1761671039_tl_7" custom="readingOrder {index:6;}">
                <Coords points="1236,1901 2191,1901 2191,1951 1236,1951"/>
                <Baseline points="1236,1946 1280,1949 1325,1952 1370,1952 1415,1949 1459,1949 1504,1949 1549,1949 1594,1949 1639,1949 1683,1949 1728,1946 1773,1946 1818,1946 1862,1946 1907,1946 1952,1946 1997,1946 2042,1946 2086,1946 2131,1946 2176,1946 2191,1946"/>
                <TextEquiv>
                    <Unicode>chiquillos juguetones, hirvientes de energías.</Unicode>
                </TextEquiv>
            </TextLine>
            <TextLine id="tr_1761671039_tl_8" custom="readingOrder {index:7;}">
                <Coords points="1244,1946 2245,1946 2245,1996 1244,1996"/>
                <Baseline points="1244,1991 1289,1994 1334,1994 1379,1994 1424,1994 1468,1994 1513,1994 1558,1994 1603,1991 1648,1994 1692,1994 1737,1997 1782,1991 1827,1991 1871,1991 1916,1991 1961,1994 2006,1991 2051,1991 2095,1991 2140,1991 2185,1991 2230,1991 2245,1991"/>
                <TextEquiv>
                    <Unicode>Pasan ancianos pasa la juventud. se va.</Unicode>
                </TextEquiv>
            </TextLine>
            <TextLine id="tr_1761671039_tl_9" custom="readingOrder {index:8;}">
                <Coords points="1247,2044 2283,2044 2283,2094 1247,2094"/>
                <Baseline points="1247,2089 1292,2092 1337,2092 1382,2092 1427,2092 1471,2092 1516,2092 1561,2092 1606,2089 1650,2089 1695,2089 1740,2089 1785,2089 1830,2089 1874,2089 1919,2089 1964,2089 2009,2089 2054,2086 2098,2086 2143,2086 2188,2086 2233,2089 2277,2089 2283,2089"/>
                <TextEquiv>
                    <Unicode>Pasan, pasan... Yo siempre en mi lugar estoy...</Unicode>
                </TextEquiv>
            </TextLine>
            <TextLine id="tr_1761671039_tl_10" custom="readingOrder {index:9;}">
                <Coords points="1250,2089 2083,2092 2083,2142 1250,2139"/>
                <Baseline points="1250,2134 1295,2134 1340,2134 1385,2137 1430,2137 1474,2137 1519,2137 1564,2137 1609,2134 1653,2134 1698,2137 1743,2134 1788,2134 1833,2134 1877,2131 1922,2134 1967,2134 2012,2134 2057,2134 2083,2137"/>
                <TextEquiv>
                    <Unicode>Soy la piedra sentada un día y otro día,</Unicode>
                </TextEquiv>
            </TextLine>
            <TextLine id="tr_1761671039_tl_11" custom="readingOrder {index:10;}">
                <Coords points="1241,2134 2137,2137 2137,2187 1241,2184"/>
                <Baseline points="1241,2179 1286,2182 1331,2182 1376,2182 1421,2182 1465,2182 1510,2179 1555,2182 1600,2179 1645,2179 1689,2179 1734,2182 1779,2182 1824,2182 1868,2179 1913,2179 1958,2179 2003,2179 2048,2179 2092,2179 2137,2182"/>
                <TextEquiv>
                    <Unicode>el arbol engarzado en la misma actitud</Unicode>
                </TextEquiv>
            </TextLine>
            <TextLine id="tr_1761671039_tl_12" custom="readingOrder {index:11;}">
                <Coords points="1367,2238 2307,2232 2307,2282 1367,2288"/>
                <Baseline points="1367,2283 1412,2280 1456,2283 1501,2280 1546,2280 1591,2280 1636,2280 1680,2280 1725,2280 1770,2280 1815,2277 1859,2277 1904,2277 1949,2277 1994,2277 2039,2277 2083,2277 2128,2277 2173,2277 2218,2277 2263,2277 2307,2277"/>
                <TextEquiv>
                    <Unicode>.........</Unicode>
                </TextEquiv>
            </TextLine>
            <TextLine id="tr_1761671039_tl_13" custom="readingOrder {index:12;}">
                <Coords points="1250,2277 2313,2274 2313,2324 1250,2327"/>
                <Baseline points="1250,2322 1283,2319 1328,2322 1373,2322 1418,2325 1462,2322 1507,2322 1552,2322 1597,2322 1642,2319 1686,2322 1731,2322 1776,2322 1821,2322 1865,2319 1910,2319 1955,2319 2000,2319 2045,2319 2089,2319 2134,2319 2179,2319 2224,2322 2269,2319 2313,2319"/>
                <TextEquiv>
                    <Unicode>Arbol, piedra, persona. Yo no sé lo que soy.</Unicode>
                </TextEquiv>
            </TextLine>
            <TextLine id="tr_1761671039_tl_14" custom="readingOrder {index:13;}">
                <Coords points="1247,2325 2113,2322 2113,2372 1247,2375"/>
                <Baseline points="1247,2370 1262,2367 1307,2367 1352,2370 1397,2370 1442,2370 1486,2370 1531,2367 1576,2370 1621,2367 1665,2367 1710,2367 1755,2370 1800,2367 1845,2364 1889,2364 1934,2364 1979,2364 2024,2367 2068,2367 2113,2367"/>
                <TextEquiv>
                    <Unicode>Deformaron el alma, y la enlodaron.</Unicode>
                </TextEquiv>
            </TextLine>
            <TextEquiv>
                <Unicode></Unicode>
            </TextEquiv>
        </TextRegion>
        <TextRegion id="tr_1761671051" custom="readingOrder {index:11;}">
            <Coords points="1216,1403 2350,1403 2350,2505 1216,2505"/>
            <TextLine id="tr_1761671051_tl_1" custom="readingOrder {index:0;}">
                <Coords points="2006,2397 2271,2397 2271,2447 2006,2447"/>
                <Baseline points="2006,2442 2051,2442 2095,2445 2140,2445 2185,2445 2230,2445 2271,2442"/>
                <TextEquiv>
                    <Unicode>LUISA LUISI.</Unicode>
                </TextEquiv>
            </TextLine>
            <TextEquiv>
                <Unicode></Unicode>
            </TextEquiv>
        </TextRegion>
        <TextRegion id="tr_1761671050" custom="readingOrder {index:12;}">
            <Coords points="1225,2376 2329,2376 2329,2551 1225,2551"/>
            <TextEquiv>
                <Unicode></Unicode>
            </TextEquiv>
        </TextRegion>
        <TextRegion id="tr_1761671041" custom="readingOrder {index:13;}">
            <Coords points="207,2667 1299,2667 1299,3247 207,3247"/>
            <TextLine id="tr_1761671041_tl_1" custom="readingOrder {index:0;}">
                <Coords points="310,2719 1283,2710 1283,2760 1194,2766 310,2769"/>
                <Baseline points="310,2764 343,2761 388,2764 432,2764 477,2767 522,2764 567,2764 612,2761 656,2764 701,2761 746,2758 791,2761 835,2761 880,2761 925,2761 970,2761 1015,2761 1059,2761 1104,2761 1149,2761 1194,2761 1238,2758 1283,2755"/>
                <TextEquiv>
                    <Unicode>En estas dolientes horas, en este solemne</Unicode>
                </TextEquiv>
            </TextLine>
            <TextLine id="tr_1761671041_tl_2" custom="readingOrder {index:1;}">
                <Coords points="265,2773 1289,2764 1289,2814 1244,2817 265,2823"/>
                <Baseline points="265,2818 304,2818 349,2818 394,2821 438,2818 483,2815 528,2818 573,2815 618,2818 662,2815 707,2815 752,2815 797,2815 841,2815 886,2815 931,2815 976,2815 1021,2815 1065,2815 1110,2815 1155,2815 1200,2812 1244,2812 1289,2809"/>
                <TextEquiv>
                    <Unicode>instante, las ilusiones de mi fantasía se han</Unicode>
                </TextEquiv>
            </TextLine>
            <TextLine id="tr_1761671041_tl_3" custom="readingOrder {index:2;}">
                <Coords points="262,2824 1283,2818 1283,2868 1238,2871 262,2874"/>
                <Baseline points="262,2869 298,2869 343,2872 388,2872 432,2872 477,2872 522,2869 567,2869 612,2866 656,2863 701,2866 746,2866 791,2869 835,2869 880,2869 925,2869 970,2866 1015,2869 1059,2869 1104,2866 1149,2866 1194,2866 1238,2866 1283,2863"/>
                <TextEquiv>
                    <Unicode>refugiado, tristes y desconsoladas, en el ar¬</Unicode>
                </TextEquiv>
            </TextLine>
            <TextLine id="tr_1761671041_tl_4" custom="readingOrder {index:3;}">
                <Coords points="262,2874 1283,2868 1283,2918 1194,2927 262,2924"/>
                <Baseline points="262,2919 298,2919 343,2925 388,2922 432,2922 477,2919 522,2922 567,2922 612,2922 656,2922 701,2916 746,2919 791,2919 835,2922 880,2922 925,2922 970,2922 1015,2922 1059,2922 1104,2922 1149,2922 1194,2922 1238,2919 1283,2913"/>
                <TextEquiv>
                    <Unicode>ca de mi corazón; y enaltecido mi pensa¬</Unicode>
                </TextEquiv>
            </TextLine>
            <TextLine id="tr_1761671041_tl_5" custom="readingOrder {index:4;}">
                <Coords points="271,2934 1295,2928 1295,2978 1250,2981 271,2984"/>
                <Baseline points="271,2979 310,2979 355,2979 400,2979 444,2979 489,2976 534,2976 579,2976 623,2976 668,2976 713,2976 758,2976 803,2973 847,2976 892,2973 937,2976 982,2976 1027,2976 1071,2976 1116,2976 1161,2976 1206,2973 1250,2976 1295,2973"/>
                <TextEquiv>
                    <Unicode>miento por el sublime ideal de la patria, tan</Unicode>
                </TextEquiv>
            </TextLine>
            <TextLine id="tr_1761671041_tl_6" custom="readingOrder {index:5;}">
                <Coords points="265,2985 1271,2982 1271,3032 1227,3035 265,3035"/>
                <Baseline points="265,3030 286,3030 331,3030 376,3030 420,3030 465,3030 510,3030 555,3030 600,3030 644,3033 689,3030 734,3027 779,3027 824,3030 868,3030 913,3030 958,3030 1003,3030 1047,3030 1092,3030 1137,3030 1182,3027 1227,3030 1271,3027"/>
                <TextEquiv>
                    <Unicode>sólo recibe luz y armonía del prisma enga¬</Unicode>
                </TextEquiv>
            </TextLine>
            <TextLine id="tr_1761671041_tl_7" custom="readingOrder {index:6;}">
                <Coords points="265,3042 880,3042 880,3092 265,3092"/>
                <Baseline points="265,3087 310,3084 355,3087 400,3084 444,3087 489,3084 534,3084 579,3081 623,3084 668,3084 713,3081 758,3084 803,3084 847,3084 880,3087"/>
                <TextEquiv>
                    <Unicode>ñador de la esperanza....</Unicode>
                </TextEquiv>
            </TextLine>
            <TextLine id="tr_1761671041_tl_8" custom="readingOrder {index:7;}">
                <Coords points="313,3095 1289,3089 1289,3139 313,3145"/>
                <Baseline points="313,3140 349,3137 394,3137 438,3137 483,3140 528,3137 573,3137 618,3134 662,3137 707,3134 752,3137 797,3137 841,3134 886,3134 931,3137 976,3134 1021,3134 1065,3134 1110,3134 1155,3134 1200,3134 1244,3131 1289,3134"/>
                <TextEquiv>
                    <Unicode>Perdón e indulgencia espero de la dama</Unicode>
                </TextEquiv>
            </TextLine>
            <TextLine id="tr_1761671041_tl_9" custom="readingOrder {index:8;}">
                <Coords points="259,3152 1292,3137 1292,3187 1247,3193 259,3202"/>
                <Baseline points="259,3197 262,3197 307,3194 352,3194 397,3194 441,3194 486,3191 531,3191 576,3191 620,3191 665,3191 710,3188 755,3191 800,3188 844,3188 889,3188 934,3185 979,3188 1024,3188 1068,3188 1113,3188 1158,3188 1203,3188 1247,3188 1292,3182"/>
                <TextEquiv>
                    <Unicode>gentil en cuvo Album deposito esta sincera</Unicode>
                </TextEquiv>
            </TextLine>
            <TextLine id="tr_1761671041_tl_10" custom="readingOrder {index:9;}">
                <Coords points="265,3212 635,3203 635,3253 265,3262"/>
                <Baseline points="265,3257 277,3254 322,3248 367,3248 412,3248 456,3248 501,3245 546,3245 591,3248 635,3248"/>
                <TextEquiv>
                    <Unicode>profesión de fe.</Unicode>
                </TextEquiv>
            </TextLine>
            <TextEquiv>
                <Unicode></Unicode>
            </TextEquiv>
        </TextRegion>
        <TextRegion id="tr_1761671044" custom="readingOrder {index:14;}">
            <Coords points="1300,2676 2375,2676 2375,3240 1300,3240"/>
            <TextLine id="tr_1761671044_tl_1" custom="readingOrder {index:0;}">
                <Coords points="1379,2707 2343,2701 2343,2751 2298,2754 1379,2757"/>
                <Baseline points="1379,2752 1403,2752 1447,2755 1492,2755 1537,2755 1582,2755 1627,2755 1671,2755 1716,2755 1761,2755 1806,2752 1851,2755 1895,2755 1940,2755 1985,2752 2030,2752 2074,2752 2119,2752 2164,2752 2209,2752 2254,2749 2298,2749 2343,2746"/>
                <TextEquiv>
                    <Unicode>Quizás mañana, cuando amanezca en el</Unicode>
                </TextEquiv>
            </TextLine>
            <TextLine id="tr_1761671044_tl_2" custom="readingOrder {index:1;}">
                <Coords points="1325,2764 2343,2755 2343,2805 2298,2808 1325,2814"/>
                <Baseline points="1325,2809 1358,2809 1403,2812 1447,2809 1492,2809 1537,2806 1582,2809 1627,2809 1671,2806 1716,2809 1761,2809 1806,2809 1851,2806 1895,2806 1940,2806 1985,2806 2030,2806 2074,2806 2119,2803 2164,2806 2209,2806 2254,2803 2298,2803 2343,2800"/>
                <TextEquiv>
                    <Unicode>cielo azul de Quisqueva, el ave que libre</Unicode>
                </TextEquiv>
            </TextLine>
            <TextLine id="tr_1761671044_tl_3" custom="readingOrder {index:2;}">
                <Coords points="1331,2815 2343,2809 2343,2859 2298,2862 1331,2865"/>
                <Baseline points="1331,2860 1358,2863 1403,2863 1447,2863 1492,2863 1537,2863 1582,2863 1627,2860 1671,2863 1716,2860 1761,2860 1806,2860 1851,2860 1895,2860 1940,2860 1985,2860 2030,2860 2074,2860 2119,2860 2164,2860 2209,2857 2254,2857 2298,2857 2343,2854"/>
                <TextEquiv>
                    <Unicode>vuela por el espacio infinito cante, y su can¬</Unicode>
                </TextEquiv>
            </TextLine>
            <TextLine id="tr_1761671044_tl_4" custom="readingOrder {index:3;}">
                <Coords points="1328,2868 2343,2862 2343,2912 2254,2918 1328,2918"/>
                <Baseline points="1328,2913 1358,2913 1403,2913 1447,2913 1492,2913 1537,2916 1582,2916 1627,2913 1671,2913 1716,2913 1761,2913 1806,2916 1851,2913 1895,2913 1940,2913 1985,2913 2030,2913 2074,2913 2119,2913 2164,2913 2209,2910 2254,2913 2298,2910 2343,2907"/>
                <TextEquiv>
                    <Unicode>to sea un alegre himno de amor y de</Unicode>
                </TextEquiv>
            </TextLine>
            <TextLine id="tr_1761671044_tl_5" custom="readingOrder {index:4;}">
                <Coords points="1325,2928 1600,2928 1600,2978 1325,2978"/>
                <Baseline points="1325,2973 1370,2967 1415,2967 1459,2970 1504,2970 1549,2970 1594,2973 1600,2973"/>
                <TextEquiv>
                    <Unicode>gloria....!</Unicode>
                </TextEquiv>
            </TextLine>
            <TextLine id="tr_1761671044_tl_6" custom="readingOrder {index:5;}">
                <Coords points="1785,2973 2295,2973 2295,3023 1785,3023"/>
                <Baseline points="1785,3018 1830,3018 1874,3021 1919,3021 1964,3018 2009,3018 2054,3018 2098,3018 2143,3018 2188,3018 2233,3018 2277,3018 2295,3018"/>
                <TextEquiv>
                    <Unicode>PORFIRIO GARCIA LL.</Unicode>
                </TextEquiv>
            </TextLine>
            <TextLine id="tr_1761671044_tl_7" custom="readingOrder {index:6;}">
                <Coords points="1334,3059 2197,3053 2197,3103 1334,3109"/>
                <Baseline points="1334,3104 1361,3101 1406,3104 1450,3101 1495,3101 1540,3101 1585,3098 1630,3101 1674,3101 1719,3098 1728,3098 1773,3098 1818,3101 1862,3101 1907,3101 1952,3098 1997,3098 2042,3098 2086,3098 2131,3095 2176,3098 2197,3098"/>
                <TextEquiv>
                    <Unicode>Santo Domingo, Diciembre del 1921.</Unicode>
                </TextEquiv>
            </TextLine>
            <TextLine id="tr_1761671044_tl_8" custom="readingOrder {index:7;}">
                <Coords points="1749,3137 2340,3128 2340,3178 1749,3187"/>
                <Baseline points="1749,3182 1758,3179 1803,3179 1848,3182 1892,3179 1937,3179 1982,3179 2027,3176 2071,3176 2116,3179 2161,3176 2206,3176 2251,3176 2295,3176 2340,3173"/>
                <TextEquiv>
                    <Unicode>Del Album de la Señorita¬</Unicode>
                </TextEquiv>
            </TextLine>
            <TextLine id="tr_1761671044_tl_9" custom="readingOrder {index:8;}">
                <Coords points="1785,3188 2140,3191 2140,3241 1785,3238"/>
                <Baseline points="1785,3233 1830,3233 1874,3236 1919,3233 1964,3233 2009,3233 2054,3230 2098,3233 2140,3236"/>
                <TextEquiv>
                    <Unicode>Marina Mova.</Unicode>
                </TextEquiv>
            </TextLine>
            <TextEquiv>
                <Unicode></Unicode>
            </TextEquiv>
        </TextRegion>
        <TextRegion id="tr_1761671048" custom="readingOrder {index:15;}">
            <Coords points="182,2485 2378,2485 2378,2664 182,2664"/>
            <TextLine id="tr_1761671048_tl_1" custom="readingOrder {index:0;}">
                <Coords points="844,2579 1830,2585 1830,2635 844,2629"/>
                <Baseline points="844,2624 889,2624 934,2621 979,2621 1024,2615 1068,2618 1113,2618 1158,2618 1203,2618 1247,2618 1292,2618 1337,2618 1382,2618 1427,2615 1471,2612 1516,2612 1561,2615 1606,2615 1650,2612 1695,2615 1740,2618 1785,2621 1830,2630"/>
                <TextEquiv>
                    <Unicode>INBULGENCIA.</Unicode>
                </TextEquiv>
            </TextLine>
            <TextEquiv>
                <Unicode></Unicode>
            </TextEquiv>
        </TextRegion>
    </Page>
</PcGts>
