2479 3508
450 414 2092 467 LOS OLACOS
367 596 1280 652 A vida en provincia, dentro de su mo¬
313 647 1274 709 L notonía habitual, suele tener sus pa¬
268 713 829 766 satiempos o diversiones.
316 764 1289 817 A falta de teatros, clubs y buenos paseos,
271 814 1289 870 la gente se las averigua como puede y se
268 862 1289 921 divierte o solaza conforme el medio ambien¬
271 925 579 978 te lo permite.
325 970 1292 1026 He aquí el motivo por el cual la casa de
268 1023 1280 1079 doña Rosenda—la maestra—fuese frecuen¬
268 1077 1292 1133 tada por los intelectuales de la época y de
272 1137 1283 1190 que aquella casa fuera convertida en Ateneo,
280 1188 1280 1241 puede decirse casi diaria y nocturnamente,
268 1238 1286 1294 en el cual Ateneo, vo, apesar de mis pocos
268 1289 1277 1348 años para entonces tuviese derecho á al¬
280 1349 1271 1399 ternar. Y por qué no? Sivo era el Secre¬
274 1399 1280 1452 tario del Ayuntamiento, y hasta me atrevía,
271 1453 1283 1506 en veces á correirle sus faltillas de ortogra¬
277 1507 1277 1560 fía á los señores ediles. Eso de la mala or¬
271 1555 1289 1614 tografía es muy frecuente en los concejales
277 1611 1280 1664 y se cosechan por ahí, todavía, algunos
277 1662 1289 1721 ciemplares, titulados e intitulados que escri¬
277 1722 871 1772 beñ Ayuntamiento con 11.
331 1770 1292 1826 Entre las notabilidades provincianas que
277 1823 1301 1879 visitaban á Doña Rosenda tenía puesto de
274 1874 1295 1927 preferencia, sitial honorífico, un venerable
280 1931 1298 1981 Señor de barba blanca y gafas verdes, quien
274 1985 1298 2038 era, por derecho propio el Presidente nato
280 2038 1292 2091 de las reuniones y gozaba en ellas y fuera
274 2092 1292 2145 de ellas de la facultad o privilegio de ser
274 2146 1292 2196 consultado en todo, lo que era muy justo,
283 2200 1295 2256 puesto que tenía así mismo, la facultad de
283 2253 976 2309 curar o matar á sus enfermos.
328 2301 1307 2363 El hombre de las gafas verdes y de la
280 2355 1289 2411 barba blanca no me perdonaba una, tomán¬
286 2412 1307 2468 dome por blanco o por punto de apoyo para
283 2468 692 2518 lucir su erudición.
334 2516 1304 2572 Cuantas veces leía o recitaba mis malos
280 2573 1301 2623 versos o mi prosa de principiante, el hombre
286 2624 1304 2680 de las gafas verdes y de la barba blanca me
486 2674 1304 2724 Lea Ud, los clásicos, Virgilio, Ho¬
286 2679 449 2730 decía;
289 2737 623 2790 racio eto, ete.
334 2782 1298 2841 No se contentaba con aconsejarme la lec¬
286 2833 1301 2889 tura de los clásicos en las reuniones o reci¬
286 2889 1304 2948 tales de Doña Rosenda. En la calle, en el
283 2940 1307 3002 mercado, en la iglesia y en cualquier sitio
286 3000 1301 3053 que me encontraba con el hombre de las
292 3045 1265 3106 galas verdes y de la barba blanca me decía
286 3092 1313 3154 Lea Ud, los clásicos Virgilio. Horacio.
280 3164 495 3217 ete. ete.
337 3209 1304 3271 Por lo visto el hombre de la barba blanca.
1322 593 2343 649 y de las gafas verdes quería sacar de mi
1337 647 2343 706 pobre persomilla un clasiquito; pe o yo no le
1334 698 2340 766 ponía gran atención á sus consejos, porque
1325 752 2337 808 el hombre de la barba blanca y de las gafas
1331 805 2343 858 verdes se estaba haciendo algo majadero con
1331 856 2337 912 sus repetidas indicaciones acerca de la lec¬
1337 910 2337 969 tura de los clásicos, no obstante esto me vi
1331 967 2340 1023 inclinado en mas de una ocasión á comprar
1337 1017 2334 1073 toda la biblioteca clásica y muy especial¬
1331 1074 1973 1127 mente á Virgilio y Horacio.
1394 1125 2343 1181 Una noche, la última que visité la casa
1331 1176 2337 1235 de Doña Rosenda, tuve la peregrina ocu¬
1328 1229 2343 1288 rrencia de copiar unos párrafos de "El si de
1331 1283 2343 1342 las niñas del célebre Moratin y suscritos
1334 1340 2340 1390 como si fueran producción mía; y á la vez,
1334 1388 2349 1449 escribí un soneto que hice aparecer como
1334 1438 2343 1497 obra de Moratin. Cuando terminé la lec¬
1337 1492 2340 1554 tura del soneto, el hombre de las gafas ver¬
1331 1549 2340 1605 des y de la baba blanca me felicitó efusiva¬
1337 1603 2352 1658 mente por el tacto que tuve, por el refinado
1337 1656 2346 1718 gusto en selecciona, tan bella producción
1346 1710 2346 1769 poética aconserándome que imitara esos
1337 1767 2343 1820 buenos autores de la antología española y
1337 1817 2349 1873 que levera los clásicos: Virgilio, Horacio
1337 1874 1531 1927 ete. ete.
1444 1919 2337 1978 Y respecto al trabajo mío que leí pri¬
1340 1979 2316 2035 meramente qué opina Ud. Doctor, le dije.
1444 2029 2343 2085 No está del todo mal, me contestó, pe¬
1337 2077 2346 2133 ro en él falta sabor arcaico, clasicismo y
1337 2134 2349 2193 menos uso de lugares comunes, siga mi¬
1340 2188 2352 2247 consejo, lea Ud. los clásicos Virgilio. Hora¬
1343 2235 2349 2297 cio, eto. ete. y abreve en la antología espa¬
1340 2295 2349 2354 ñola, y con un poco de calma y dedicación,
1352 2355 2349 2405 Ud. llegará. Lea Ud. los clásicos Virgilio,
1349 2409 1776 2459 Horacio ete. eto..
1400 2450 2355 2512 Luego de haber recibido la lección del
1349 2504 2349 2563 hombre de la barba blanca y de las gafas
1352 2555 2355 2620 verdes entre tímido y zumbón, me excusé
1352 2612 2355 2680 por haberme equivocado y advertí que el
1346 2665 2358 2727 soneto leído como de Moratin era hijo de
1352 2719 2358 2778 mi fantasía y que la prosa era un fragmento
1355 2773 2176 2832 de El Si de las niñas de Moratin.
1400 2824 2349 2886 El hombre de la barba blanca y de las
1352 2874 2355 2936 gafas verdes se sintió herido en la cumbre
1349 2928 2355 2993 de su sabiduría y guardó, avergonzado, un
1361 2979 2352 3050 profundo silencio; las muchachas de la casa¬
1355 3033 2349 3092 y los demás de la tertulia también guarda¬
1349 3083 2349 3151 ron silencio y Doña Rosenda.... Doña Ro¬
1349 3140 2349 3205 senda me condujo hasta la puerta de la calle.
1991 3197 2304 3259 J. M. BOBEA.
2018 226 2298 282 Fémina
