2479 3508
480 313 1931 378 RRESPONSABILIDAD.
725 420 1695 476 (DEL LIBRO INEDITO LOS NUEOS MOTINOS
241 552 835 608 Yo nací con el alma llagada
238 605 883 655 por un duelo criel, ancestral,
241 647 901 700 de no sé que otravida, o acaso
241 695 623 748 mi herencia fatal.
247 832 874 888 Con recelo miré en torno mio
244 880 800 936 toda clase de gente pasar¬
247 922 1012 981 cual si hubiese una deuda conmigo
253 973 1068 1032 y en cada trasente la fuese a cobrar.
241 1125 1027 1175 Siempre el alma, tristeza en acecho,
238 1167 841 1223 bacia todo llegar era hostil
250 1211 907 1270 previniendo la mueca de burla¬
244 1259 829 1312 en mi arisco soñar juvenil.
250 1399 1047 1458 Y fuí tierna, y no obstante, escondía
238 1447 937 1506 mis ternuras con brayo tesón.
241 1495 1107 1551 Paraba sobre ellas mi espiritu enfermo
250 1543 1021 1599 queriendo aplastarla en el corazón.
241 1686 985 1742 Era orgullo inflexible, que erguía
247 1728 922 1784 si impotencia, y luchaba tan¬
256 1779 994 1838 por ser fuerte, contra la asechanza
250 1826 988 1879 de la dulce cosa que quisiera más
247 1970 889 2029 e sentia humillada con sólo
244 2015 824 2070 empezar á sentir el dulzor
253 2065 970 2118 de acercarme á una lágrina pura,
253 2110 964 2169 de baharme en un poco de amor,
244 2253 937 2312 Hay eterna una deuda conmigo
250 2301 889 2357 de no sé cual avero que hoy.
259 2343 1012 2405 Y un espiritu doble en mi espiritu¬
250 2394 910 2450 que me impide ser como sov.
1233 540 1824 596 Yo nací con el alma llagada
1224 587 1859 637 por un duelo crel ancestral.
1224 626 1857 685 y me vo de la vida cual vine
1224 677 2063 733 con mi laga intacta con intacto el mal.
1236 1435 1994 1497 perlona ini vida, discule mi error
1230 1477 1994 1539 de no haber podido halar el olvido
1230 1531 2149 1587 la paz. y haber dado mi vida en amor..!
1236 1671 2239 1733 Adios. Dios mio, que ve cual soy ida
1233 1722 2116 1778 ya fuera del inundo, y que puedo hablar
1236 1764 2155 1823 por voz de un tercero, que no es el orgullo
1233 1814 2134 1873 que no es la ternura, que es solo el pesar.
1244 1958 2188 2017 Y que hablo de un lejos, no ya de mi misma:
1236 2006 1994 2059 sino desde el plano de mi negacion
1238 2050 2042 2106 que sepa lanzarme de nuevo á la vida
1244 2098 2042 2154 toda transformada en afirmacion...!
1241 2244 2095 2300 Me dé la ignorancia de todo el pasado!
1238 2289 1976 2345 Me nazca desnuda de todo rencor
1236 2331 2024 2399 y de mal pecado que no he cometido
1247 2382 2122 2444 y he pagado al mundo con este dolor
1224 826 1889 879 Esta llaga ni crece ni mengua.
1227 868 1961 930 Es llaga divina que comigo está
1237 916 2036 969 Vivo resentida de todo cuanto existe
1224 961 1895 1026 y mi represalia conmigo se va!
1233 1104 2179 1163 Todos me han herido, todos me han burlado
1224 1149 1976 1208 estamos iguales, hermanos, en los
1230 1193 2042 1255 presentes humanos, vo tampoco hice
1230 1241 2152 1300 balamos y mieles para nadie. Adios.
1233 1391 2224 1449 Adios....Y Dios mío, q. ha visto mi guerra.
1803 2453 2200 2503 EMILIA BERNAL.
1000 2633 1674 2688 MALDEA.
773 2638 949 2694 DE
158 2895 283 2948 vida.
214 2943 1203 2999 Si supierais, señora, lo que me encanta
149 2997 1212 3053 el solitario rincón de mi aldea; cultivar mis
152 3050 1203 3112 lores y mi huerta, tal vez no me pediríais
158 3110 722 3169 que abandone mi aldea.
206 3158 1209 3223 Allí, junto al mozalbete de gran muscula¬
155 3215 1203 3277 tura y la inocente zagala que cantan coplas
161 3271 1209 3333 de amor; allí, rodeado de esa gente sencilla
203 2764 2292 2844 Que abandone mi aldea, mi huerta y mis que no gastan lujo y piensan en la patria es
158 2821 2298 2892 flores Pedidme tamcien que renuncie de la donde vo deseo vivir, ¡No me pidais, por
1244 2880 1976 2936 Dios, que abandone mi aldea.
1298 2931 2298 2993 Que malos hago, señora, con cultivar mis
1253 2991 1692 3044 flores y mi huerta?
1304 3042 2304 3106 Que mal os hago, señora, con vivir en
1253 3095 2307 3154 una aldea en donde sólo se piensa en cosas
1247 3158 1442 3211 santas?
1310 3212 2113 3265 Dejadme seguir viviendo asi....
1997 3262 2254 3315 M. BAEZ G.
