2479 3508
298 235 492 291 Página
749 399 1874 458 Amadas de los Parlas.
379 608 1295 664 ABSERVO en los libros ha mucho
325 647 1283 718 tiempo ledos anotaciones que a veces
259 716 1271 772 no comprendo. Si cuando subravaba y ano¬
262 767 1274 823 taba hubiese escrito por entero mi pensami¬
274 823 1283 876 ento, cuán rico fuera al presente! Mas no¬
271 871 1283 930 deja de tener un embriagador encanto el co¬
268 928 1280 984 rrer por el huerto de nuestra juventud pró¬
262 985 1030 1037 diga en fruto tanto como en flor.
304 1038 1286 1091 y es correr por tal huerto el revisar durante
271 1092 1280 1145 estos largos crepúsculos del invierno que se
271 1143 1286 1196 ya las viejas anotaciones don de pusimos una
271 1193 1289 1252 repentina inspiración, una densa linea de lá¬
271 1250 1286 1312 piz azul, un punto de interrogación como
268 1304 1292 1357 una torrecilla de pensamtento que dejamos
262 1358 1280 1411 en las afueras de la ciudad de ideas pon don¬
262 1414 740 1467 de vamos cruzando.
322 1462 1280 1518 Y me vienen á la memoria los alados y
268 1519 1283 1578 piantes recuerdos de las manos amigas que
265 1573 1274 1623 copiaron para mi todos estos breves frag¬
268 1626 1292 1679 mentos. Sonrío con profunda simpatia y me
271 1680 1289 1733 digo que asi, con esa abnegada colaboración
265 1728 1292 1787 de inteligencias que viven en la sombra, se
262 1785 1301 1841 han creado bellas y permanentes obras
271 1841 1301 1894 sobre las cuales impuso su sacro signo de
268 1895 791 1945 inmortalidad la gloria.
328 1949 1301 1999 Y luego me extravío de la mano de esta
274 1997 1292 2056 graciosa y embromadora Fantasía, que me
277 2059 1289 2109 me lleva, por entre alamedas de recuerdos,
1701 1967 2304 2020 ROBERTO BRENES MESAN.
1331 605 2340 658 hacia el puente colgante de la contemplación.
1331 659 2340 715 Desde allí diviso las dos seductores proce¬
1328 710 2346 763 siones de mujeres bendecidas de los Poetas:
1334 767 2340 820 Las que van sobre la tierra como sino pusie¬
1325 817 2346 873 sen los pies sobre la tierra y de las cuales
1331 868 2346 936 parece que hubiera dicho un delicado epigra¬
1334 928 2349 984 ma de la Antología Griega:—h tierra,
1331 976 2349 1035 que vas á cubrirla, sé leve para ella, pues
1340 1029 2349 1088 que tan poco pesó su cuerpo sobre tí; son
1337 1083 2352 1142 desdeñosas de la materia y ponen angelical
1337 1143 2349 1196 cuidado en no transformar en fauno al poeta;
1337 1191 2349 1246 con una palabra suya encienden todas las
1337 1244 2352 1300 luces del altar en el alma del poeta, con una
1334 1298 2355 1354 sonrisa luminosa acuerdan las lira en sus
1331 1352 2349 1411 manos y le exaltan á la patria de la divina
1331 1402 2355 1461 armonía, en donde las obras se conciben
1331 1465 1803 1515 mas nobles y puras.
1397 1507 2337 1566 Y existen las otras, las Clodias y las Ma¬
1331 1561 2340 1623 rias de Aquino, y las Condesas Guiccioli y
1337 1617 2349 1676 las Condesas de Albania que aman á sus
1346 1674 2352 1727 poetas y les bajan de su patria de luz para
1334 1728 2355 1784 cambiarles en hombres y demostrarles que
1337 1782 2355 1835 los aman. Aun suelen llegar á ser la corona
1340 1829 2334 1891 de espinas ceñida allí donde tiene por cos¬
1331 1889 2349 1942 tumbre la gloria ceñir ea diadema de laurel.
1358 2059 2027 2112 Del Ateneo de Honduras
847 2421 1224 2474 Las aureas minas, las in¬
806 2447 1221 2497 trias abradas y las luina sa
829 2474 1292 2528 pas pueden hacer de un Pas
829 2503 1116 2554 Estado prospero
850 2549 1298 2602 Se necesitan ideales de cul¬
832 2579 1286 2636 ra para que en ese estado na¬
832 2611 1035 2662 una Patria.
937 2689 1268 2742 JOSE INGENIEROS
650 2784 1285 2841 Disílabo orquestal que con¬
331 2794 623 2847 Patria.
277 2839 1298 2900 densa entre sus signos el musical concierto
277 2889 1295 2951 de los recuerdos infantiles, el murmurio so¬
274 2943 1286 3005 noro del mismo río en cuyos remansos sua¬
274 3003 1292 3059 ves nos vimos retratados en la adolescencia,
277 3059 1295 3109 conjunción de amores, poema de la vida,
277 3116 710 3166 biblia eternal.....
328 3161 1295 3223 Sea dado á mi alma de mujer, cantar
277 3218 1298 3277 loores á tu engrandecimiento políticosocial
1352 2427 2349 2491 Patria querida! y enastar el símbolo de tu¬
1340 2486 2355 2542 restauración sobre los cedros de mi fantasía
1343 2534 2361 2602 para tenderme al pié del árbol que sostiene
1340 2588 2352 2650 entre las nubes el pendón glorioso, y mirar¬
1337 2641 2352 2694 lo flamear, mientras los céfiros lo besan, las
1337 2698 2352 2754 aves lo saludaan, el Sol lo reverencia, y la¬
1349 2749 2355 2805 gran constelación de las naciones cultas lo
1343 2803 2355 2865 admira como florón indiano sobre el Mar
1346 2862 1522 2918 Caribe!
1403 2910 2355 2969 Toma toda mi alma en el incensario de
1340 2967 2349 3023 tu pira, y consume en ella cuanto es ala y
1346 3018 2361 3080 flor y arroma en mi alma de mujer, ¡Patria
1343 3068 2352 3130 bendital y despliegue Dios sobre el cielo de
1343 3131 2003 3184 tu dicha, su túnica de amor!
955 2244 1674 2300 LA PATRIA.
1943 3203 2307 3259 ERCILIA PEPIN.
