2479 3508
871 369 1650 422 REPOBLICA IDEAL.
689 456 1791 506 CANDDATURA ESPRITUALDEMOCRATICA.
513 534 1964 584 GOBIERNO DE LA ALEGRIA, POR LA ALEGRIA Y PARA LA ALEGRIA.
755 611 1716 664 PRESIDENTE DE LA REPUBLICA
922 677 1564 730 DONA IRENE B. DE HERRERA.
265 829 1221 888 Entre las fiestas que con motivo del 79
203 883 1215 942 aniversario de nuestra Independencia se ce¬
203 943 1224 993 lebraron en esta ciudad, merece especial
211 993 1218 1049 mencion el baile del dia 26 de Febrero, en
203 1047 1227 1100 el aristocratico centro 2 de Julio, en el cual
214 1098 1218 1151 se verificó un torneo monárquico-republica¬
208 1158 292 1208 no.
268 1208 1215 1258 En dicho torneo triunfó la democracia, y
211 1256 1227 1312 resultó electa Presidente de la Republica
825 1306 1221 1366 Señora rene Baez
208 1307 784 1366 Ideal, la muy bella y genti¬
211 1364 1227 1420 de Herrera, quien presidirá la fiesta de la
208 1417 1227 1470 inauguración de la carretera Macoris-Capital
208 1471 1224 1524 que tendrá efecto el dia 31 del presente mes.
220 1528 641 1578 Sabado de Gloria.
262 1573 1215 1629 Las carteras Ideales del Estado de la Ale¬
217 1623 1212 1691 gria, quedaron organizadas en esta simpati¬
208 1686 456 1736 ca forma:
343 1758 1125 1814 SECRETARIAS DE ESTADO:
265 1838 1233 1894 De Comunicaciones Espirituales, Vitalia
226 1898 471 1951 Marchena.
271 1949 1182 2002 De Guerras de Eros, Venecia de Soto.
265 2000 1227 2056 Del Tesoro de la Alegria, Fe Mesina.
268 2056 1236 2106 De la Gracia y de la Belleza, Matildita
220 2110 391 2160 Benzo.
274 2158 1233 2211 De las Armonias Interiores Maria L. Vi¬
214 2218 394 2268 daurre.
268 2259 1250 2321 De las Peregrinaciones Romanticas, Teté
223 2322 409 2378 Mallen.
1316 832 2277 882 De las Inspiraciones Benéficas, Cloria
1265 886 1421 939 Faxas.
1313 934 2283 990 De las Relaciones Ultramarinas, Teté
1268 990 1400 1040 Brea.
1313 1041 2271 1097 Hubo desbordamiento de entusiasmo en¬
1259 1095 2269 1148 tre los concurrentes, i los galantes caballe¬
1259 1149 2269 1202 ros I. H. Ducoudray, M. M. Gautier, E.
1274 1199 2277 1252 Valdes, ¡ Raul Carbuccia, depositaron á los
1265 1253 2269 1312 pies de la bella dama elegida, fragantes ra¬
1265 1304 2274 1360 milletes, de los cuales recogemos los siguien¬
1271 1358 2122 1411 tes pétalos, que exornan esta página:
1375 1405 2277 1461 Si la paloma biblica llevó en el pico un
1268 1468 2283 1518 ramillete de olivo para hacer la paz entre
1274 1516 2286 1572 los hombres, que mucho que llo lleve en el
1277 1573 2280 1632 pico un manojo de rosas para ofrendarlo á
1265 1626 2131 1676 la elegida de nuestra República Ideal.
1328 1665 2280 1733 Abandono mi Palacio de Coral, para
1268 1731 2277 1784 deslizarme tenuemente por mi alfombra de
1268 1782 2280 1838 encajes de espuma, para felicitarte, herma¬
1845 1910 2230 1966 VENUS DE MILO.
1325 2041 2277 2100 Fémina se complace en felicitar á la gen¬
1271 2101 2277 2154 til Sra, de Herrera, i al depositar á sus pies
1274 2152 2271 2208 las rosas de su simpatia, desea que la Ale¬
1280 2206 2277 2262 gria que ha constituido ese Estado Ideal,
1280 2256 2277 2318 perdure en el corazon de sus Gobernantes
1274 2313 1722 2366 de su gobernados.
420 2432 674 2488 RECETA
247 2513 838 2566 PARA QUITAR LAS MANCHAS
283 2585 806 2638 Y QUEMADURAS DE SOL.
262 2689 856 2742 Las quemadas de sol pue¬
223 2749 871 2799 den quitarse, poniéndose á la
220 2803 868 2859 cara en la noche, una solución
223 2862 859 2915 de 28 gramos de agua de cal.
229 2916 856 2966 28 gramos de aceite de almen
226 2979 868 3029 dras dulces, y treinta y seis.
223 3039 868 3089 centígramos de borax en polvo,
1212 2468 1394 2521 OREINA
931 2513 1313 2569 Hoy canta mi lira
931 2558 1382 2617 con acento lastimero,
937 3036 1659 3092 ya nadie oirá que de mi lira suene,
937 3077 1588 3127 un acorde de helénica canción
931 2606 1376 2659 abriendo en mi alma.
940 2647 1439 2706 una fosa, para enterrar
1277 2695 1648 2748 el amor primero.
937 2752 1486 2805 Amor que fué mi encanto:
937 2800 1400 2853 mi placentera alegría,
937 2844 1394 2894 mas ha fenecido todo,
946 2886 1382 2942 y no tornará jamás
1343 2928 1645 2981 a el alma mía.
946 2991 1615 3041 Azucena gentil de fragante olor,
940 3119 1531 3175 ha muerto, aquí en ni alma
1949 2510 2236 2560 A MAGNOLIA.
1758 2612 2245 2662 Asegura Marco Topo
1758 2683 2283 2736 que llegó al PRIMA DOS
1758 2755 2251 2811 vo sí segunda ignoro,
1770 2827 2065 2880 porque ni fuí
1758 2898 2227 2948 ni creo que he de ir
1761 2967 2236 3020 hace mucho frío allí.
2146 3074 2263 3124 Luz.
1298 3164 1648 3217 mi primer amor
1212 3209 1618 3259 Pedo P. Creales Cienes.
940 3239 1119 3292 Marzo 123.
1071 2432 1552 2482 MI SEPULCRO IDEAL.
1874 2421 2170 2477 CHARADA
