2479 3508
152 262 412 315 Fémina
1949 223 2173 282 Página 10
334 423 1991 512 to at
158 701 1131 775 Interesante Cang.— Hemos recibido la interesante
119 749 1125 817 revista Newvorquina Feminismo Internacional¬
113 790 1140 861 rgano importantisimo de la Liga de mujeres
116 838 1140 906 ricas e Hispano americanas bajo la direccion.
116 880 1137 948 de la notable escritora Elena Arimendi, y cuya¬
122 925 1137 996 redaccion está encargada al concienzudo escritor
122 970 1143 1040 E. Sang Carrión, de quien tenemos el placer de
125 1023 752 1082 reproducir Lalave de ro
167 1059 1149 1127 Recomendamos su lectura al sexo fuerte de
116 1104 1146 1175 nuestro pais, como exortacion á tomar nuestra
116 1149 1137 1217 defensa, y a la vez encargamos á la mujer dom¬
119 1196 1146 1264 nicana la suscripcion a esta importante revista.
122 1238 1149 1306 que vien, como la nuestra en la campaña tras el
119 1286 1131 1354 adelanto cultural y el perfeccionamiento del ho
122 1334 928 1402 gar para la emancipacion de la mujer.
167 1399 1140 1467 Noble ras,o. El señor Rafael V. Montalvo, her¬
125 1444 1134 1512 mano de nuestra redactora C. de Frias, ha edita
125 1489 1134 1554 do en la Capital, donde reside, un bello y mu¬
131 1537 1143 1602 moral cuentecito intibalado Nuhay, del cual
128 1582 1080 1647 atentamente se nos ha enviado un emplar.
179 1626 1152 1691 El producido de dicha obrita será destinado á
131 1668 1140 1736 la prestar algun alivio á los huerfanos del malo¬
131 1716 895 1784 grado maestro Manuel A. Machado.
173 1758 1152 1823 Felicitamos algeneroso amigo y recomendamos
134 1800 1155 1873 la lectura del cuento á nuestros infantiles, de
134 1844 1146 1918 quienes esperamos lo compren, para contribuin¬
137 1889 1140 1957 con esto a favorecer á los dignos hijos de tan las
131 1943 1021 2005 tre ciudadano, gloria de las letras patrias.
173 2009 1143 2076 La Mujer en accion.— Parece que la mujer domini¬
131 2056 1155 2118 cana, despertando del letargo en que yacia, se ha
140 2101 1146 2169 propuesto dar notaciones de luz en las distintas
131 2149 728 2211 manifestaciones de su vida,
173 2188 1164 2256 Allá en el Bonao, cube las orilas de Yuna, un
131 2229 1155 2300 grupo de damas amantes de la cultura, presidido
143 2277 1146 2345 Y PA. Andrickson, nos participa haber orga¬
137 2319 1134 2387 nizado el cuadro artístistico Jacinto Benavente
140 2364 1155 2432 con el elevado fin de prestar ayuda material a to¬
140 2418 1176 2477 da obra de Orato, de Bien general, de Piedad y
137 2459 1158 2524 de Estimiladentro y fuera de su radio de accion.
185 2498 1158 2566 La patriotica agrupacion que con tan nobles
137 2546 1167 2608 propositos se levana, tiene establecida esta¬
137 2591 1158 2653 condicion primordial, No celebra actos teatra¬
134 2636 1161 2697 las en que no figure una obra puramente Nacio¬
199 2683 1161 2741 y está organizada del modo siguiente,
152 2725 1152 2790 Presidente Honorario y Tesprero General, Pbro.
137 2773 1161 2835 Y N. Andrickson, directores artisticos Sritas
143 2815 1167 2880 Ala Josefa Ramirez Castidad Engracia Ramirez
152 2856 1167 2924 y el Sr. Zilo llos, Mienbros activos: Jose
149 2901 1164 2966 Granados, Lesbia G. del Billar, Ana Luisa Santos
143 2949 1167 3014 José Eng. Deschamos. Gloria Liranzo. Francisco
146 2994 1155 3062 Frias. Ana Luisa Canturene, Ana R. Frias
158 3039 1164 3106 Antonio Velasquez G. Daniel Estrella, Anadina¬
146 3092 665 3151 Reinoso y Elvira Santos.
194 3128 1170 3196 Adjunto á dicha circular, firmada por Ana¬
143 3179 1167 3238 Josefa y Engracia Ramirez, como Directoras, y
158 3218 1164 3286 Antonio Velazquez como Secretario Gral, hemos
152 3262 1164 3333 recibido el selecto variado programa de la pri¬
1176 677 2206 748 mera velada de la serie a favor de la reedifi¬
1182 725 2197 793 cacion del Templo Católico, i en la cual se pre¬
1185 773 2209 840 sentaba el 25 de Febrero pdo, la obra Nacional
1206 820 1931 885 Eufrosina del Sr. Zoilo A. Ulloa.
1227 862 2209 930 Felicitamos á los dignos elementos de tan
1182 904 2197 975 lable iniciativa dadoles gracias por su amabi¬
1182 949 2206 1017 lidad, nos complacemos en poner á sus gratas
1191 990 2215 1064 ordenes las columnas de nuestra humilde publi¬
1188 1053 1343 1109 acion.
1230 1137 2221 1205 Buena ocasion.—El Sr. Cesar Iglesias, ademas de
1188 1179 2206 1249 magníficos muebles de su fabrica, tiene en exis¬
1191 1229 2212 1297 tencia una gran cantidad de madera de Caoba.
1197 1271 2215 1342 que ofroce al público a precios sumamente
1194 1334 1388 1384 módicos.
1233 1414 2212 1482 Fe de eralas.—En la pasada edicion, debido al po¬
1194 1459 2215 1527 co tiempo de q. disponiamos, se escaparon algu¬
1200 1507 2227 1575 mas erratas, que sin duda habrán subsanado
1197 1552 2098 1620 nuestro lectores. He aque las principales
1238 1591 2230 1664 En el trabaio intitulado Duvergé, donde dice
1197 1638 2209 1709 abrá lase habrá idonde dice cedizas lase ceni¬
1194 1683 2221 1751 S. En El Listin emina debe leerse repro¬
1200 1731 2212 1799 ducir en vez de producir; en la crónica Fies¬
1200 1779 2143 1841 tas Patrias debe decir Gabriel del Castilo.
1241 1826 2155 1882 Pedimos pues, excusa a nuestros lectores.
1244 1919 2218 1981 Para perpetuar la memoria del nefando crimen come¬
1200 1964 2224 2029 tido en esta ciudad la noche del ó de Diciembre.
1209 2012 2230 2079 ppdo, la empresa del diario La Prensa, de
1203 2059 2227 2115 esta ciudad, ha editado un libro del cual hemos
1200 2110 1665 2163 recibido un ejemplar,
1247 2146 2230 2205 Hemos leido sus emocionantes páginas con
1215 2191 2227 2259 profundo dolor e indignación. Es posible que¬
1212 2235 2227 2300 quede envuelto en las sombras del misterio tan¬
1200 2283 2077 2345 abominable crimen? No lo creemos así
1247 2379 2236 2441 Bienvenida. La damos muy cordial á nuestra
1206 2427 2236 2485 simpática amiga liva Lugo, quien se encuentra¬
1206 2474 1728 2530 de paso por esta ciudad.
1256 2516 2230 2578 Que recoja muy gratas impresiones en su¬
1209 2573 1465 2623 temporada.
1253 2668 2227 2727 Vigésimo aniversario. La prestigiosa revista litera¬
1209 2710 2233 2775 ria La Cuna de América cumplió el 27 de Fe¬
1221 2758 2236 2820 brero ppdo su 20 aniversario de fundación, y
1218 2797 2230 2868 para celebrarlo ha preparado una edición espe¬
1215 2850 2113 2909 al aumentada en páginas e ilustraciones.
1253 2892 2242 2948 Con tal motivo, diriginos nuestros calurosas
1218 2934 2239 2996 felicitaciones al ilustrado l competente Director¬
1218 2982 2242 3041 D Fel Ma. Perez, y a sus inteligentes ditores
1221 3024 2245 3089 los Sres. Roques Roman, quienes consagran su¬
1218 3068 2236 3130 esfuerzo a sostener en alto prestigio de la publi¬
1827 3116 2248 3169 mas antigua¬
1433 3122 1743 3175 literaria.
1221 3128 1355 3178 cacion
1212 3164 2242 3220 del pais, y deseamos á la culta revista muchos
1218 3209 2245 3265 años más de vida laboriosa y útil, para honra del
1221 3256 1913 3321 pais y de la literatura nacional.
