2479 3508
1418 61 2174 200 Archivo General de la Nación
1618 144 1957 278 HEMEROTECA
992 294 1595 408 FEMINA
577 478 1970 579 REVISTA DE LITERATURA, CIENCIAS Y ARTES
853 547 1696 628 CONSAGRADA A LA MUJER.
915 633 1636 714 DIRECTORA-ADMINISTRADORA
803 711 1755 792 PETRONILA ANGELICA GOMEZ.
1097 763 1465 846 Maestra Normal.
1113 864 1458 945 REDACTORES
799 911 1761 1001 MARIA L. ANGELIS DE CANINO,
377 985 2179 1059 PETRONILA A. GOMEZ. CONSUELO MONTALVO DE FRIAS.
280 1113 509 1196 Año 1
913 1113 1719 1194 San Pedro de Macorís, Mayo 31 de 1923
2024 1111 2266 1194 Nro. 20
752 1304 1627 1470 - MUJER -
337 1512 920 1620 A Tí, animadora, sólo a tí
294 1584 1268 1678 Siempre que se habla de mejoramiento.
334 1658 1263 1719 social nos referimos, al hombre como si
245 1707 1265 1773 éste fuera el único elemento, olvidando que
247 1766 1265 1835 hay otro factor igualmente importante la
254 1815 1250 1885 mujer. Parte de nuestra regeneración so-
249 1869 1268 1930 cial, así como parte de nuestro progreso
247 1918 1265 1986 moral, radican preferentemente en la mujer:
254 1979 1263 2042 es ella la mano cariñosa que enjuga muchos.
249 2028 1263 2084 desalientos y es la voz tenue que aconseja
247 2082 1268 2145 muchas obras. ¿Quién ignora la participa-
249 2134 1263 2221 ción tan grande que tiene el amor en la vida.
245 2185 429 2266 entera?
370 2217 1277 2295 Nadie habrá que desconozca el poder
245 2295 1268 2354 maravilloso que encierra el amor en todos
249 2345 1259 2408 los actos de nuestra existencia por el amor
249 2399 1256 2466 hemos bebido con labios calcinados la cris-
254 2448 1272 2511 talina lágrima que rodando por las mejillas
247 2502 1265 2562 de una madre llama al arrepentimiento: el
245 2556 1265 2625 amor nos ha llevado por la senda de la mi-
256 2609 1263 2677 sería musitando la canción de la vida mien-
247 2661 1265 2737 tras en el seno de la mujer que nos consue-
245 2715 1259 2780 la, una cabecita angelical queda dormida
254 2771 1265 2843 el amor, en fin ha puesto en nuestra maño
256 2825 1268 2885 el clavo doloroso del desaliento, mientras en
245 2874 1259 2937 el coníín, un pañuelo se agita y dos ojos
247 2924 1254 2998 lloran. Por esto pues, si hemos de refor-
245 2977 1263 3047 mar nuestra sociedad presente nuestros
254 3031 1272 3101 primeros pasos deben encaminarse hacia la
249 3076 1263 3139 educación de la mujer. Sea la ESCUELA
247 3137 1261 3229 la que haga de la mujer el sér dócil y cari-
1297 1508 2307 1604 ñoso, pronto a obedecer todo lo noble y to-
1301 1602 2309 1667 do lo justo, así como despreciar indignada
1295 1654 2307 1714 todo lo bajo y ruin. Hagamos que median-
1304 1707 2304 1770 te una educación moral, sólida y bien defi-
1304 1757 2311 1822 nida, la mujer llegue a ser en el santuario,
1297 1817 2307 1880 augusto del hogar, el ángel que con voz
1301 1867 2309 1921 tierna y dulce inspire el esfuerzo noble del
1301 1916 2309 1979 hombre y santifique con besos castos el
1304 1970 2300 2060 sudor que daña la frente del esposo hon-
1301 2028 1434 2102 rado.
1402 2055 2013 2143 ¿Fe, piedad, religión?....
1402 2120 2304 2185 Sí, la necesaria para hacer de la mujer
1295 2174 2304 2242 el símbolo viviente de la resignación y de la
1310 2233 2313 2295 virtud; curando su alma de locos fanatismos.
1304 2284 2304 2358 y dándole ese amoroso instinto con que ha
1304 2331 2307 2410 de formar el corazón del niño y ha de refre-
1304 2392 2311 2450 nar el corazón del hombre en medio de las
1301 2439 1786 2522 borrascas de la vida.
1409 2491 2300 2560 Eduquemos a la mujer dándole el cari-
1301 2547 2293 2609 ño hacia el hogar, que vea en él, no la cader
1297 2598 2304 2672 na dolorosa del cautiverio, sino el refugio
1304 2654 2307 2733 casto de todas sus inocencias y el ara sa-
1304 2706 2307 2780 grada de todos sus anhelos. Hagámosla
1301 2760 2309 2820 así, entonces habremos empezado la rege-
1301 2814 2313 2881 neración social, de un modo seguro y fácil;
1315 2859 2300 2937 porque tal regeneración es obra de amor y
1304 2915 2313 2977 ese amor está en nuestra mujer de tez mo-
1306 2977 2307 3049 rena y de mirada apacible como crepúsculo.
1301 3022 2028 3110 que se deslíe en la inmensidad.
1716 3105 2257 3218 FELIPE DE J. ESPINOSA
