2479 3508
150 70 440 188 Fémina
2007 64 2222 166 Página 2
588 142 1782 325 EL CANTAR DE LAS FLORES
115 381 1200 518 Tú has amado alguna vez a las flores, es
185 472 1175 561 mas: las amas, las amarás siempre.
242 539 1173 617 Que la vida de la mujer está, de un
123 577 1175 671 modo tan íntimo, ligada a la de la flor, que
115 652 1170 719 es imposible hablar de la una sin mentar a
115 706 1178 773 la otra. Se compenetran, se complementan;
118 757 966 840 esta es la frase, ¡se complementan!
223 808 1178 891 A mi no me cargan los poetas cuando
115 861 1175 929 recurren a la eterna comparación de flores.
129 923 1173 1023 y mujeres. Si es la única posible, la única
123 977 558 1057 que debe hacerse!
236 990 1178 1098 Verás. La mujer que me acarició mas
123 1087 1170 1149 en mi vida tormentosa de chiquillo errante,
123 1143 1184 1205 decíame siempre que su pasión mas fuerte.
129 1202 1175 1261 las sentía siempre por las flores, los pensa-
123 1253 1175 1323 mientos, sobre todo, esa flor de colores tris-
126 1310 1184 1379 tes y hojas de terciopelo, que es la imagen
132 1366 1175 1449 del hombre, como el lirio lo es de la mujer...
123 1422 1186 1481 a mi también, me gustaban las flores, y por-
132 1476 1181 1543 eso nos quisimos mucho hasta que ella
132 1524 1127 1610 se murió una noche que hacía mucho frío.
236 1581 1184 1648 Escucha, no sé si la tristeza es atávica
126 1634 1178 1726 en mí; lo cierto, la que yo sé, es que las
129 1693 1178 1761 cosas tristes me están muy simpáticas,
129 1750 1178 1838 atrdenme como enamoramientos estáticos,
134 1798 687 1884 pienso en ellas con una
132 1863 684 1935 emoción casi gozosa.
134 1916 698 1991 Las cosas tristes me
140 1973 682 2048 parecen mías, las quier
132 2029 695 2091 ro y las comprendo,
132 2075 695 2160 las necesito y las miro.
140 2136 687 2211 con fijeza de alucinado.
142 2193 692 2265 Un árbol seco, una rui-
137 2249 698 2329 na cubierta de jarama.
140 2303 700 2380 go, una roca en mitad.
140 2359 700 2429 del mar, una mujer
140 2407 700 2496 vestida de negro, todas
145 2464 698 2531 estas cosas, aisladas,
142 2517 698 2584 solas, apartadas unas
140 2582 703 2646 de otras, me seducen.
153 2625 700 2708 Y si pudiera colocar en
140 2689 706 2759 la peña negruzca que
142 2740 703 2815 el mar abofetea, la tui-
140 2796 700 2866 na que sirve de nido a
145 2850 700 2923 los buhos, el árbol seco
145 2907 695 2982 y la mujer enlutada,
142 2960 695 3035 ese conjunto de lo ado-
140 3017 706 3094 rable, de lo horrible, de
142 3073 695 3151 lo sombrío, de lo muer-
142 3129 706 3215 to, ¡ah!, ese conjunto
137 3178 703 3274 sería mi mayor encan-
1200 384 2270 479 to, mi sorbo de dicha en el eterno y loco
1213 470 1621 558 festín de la vida.
1315 488 2281 598 ¿Que eso es ser extravagante? No lo
1213 569 2262 652 creas, es una manera de apreciar las cosas.
1221 631 2265 703 Tú crees que el suicida aborrece la vida?
1224 687 2268 757 No, es que ama la muerte, y como la ama,
1218 743 2265 813 la busca y la persigue, le estorba la vida y
1218 808 2273 878 la suprime. Y si pudiera llegar a la muerte
1218 851 2279 931 sin suprimi la vida,.... seguiría viviendo,
1224 904 2276 985 viviendo siempre, por todas las eternidades.
1216 972 1530 1049 de los siglos.
1323 988 2273 1098 Locura tampoco. Es.... ya te lo he
1224 1065 2270 1151 dicho, una manera de apreciar las cosas.
1331 1124 2273 1205 Oye. Un día, uno de esos días tan
1216 1194 2276 1256 nublados, de mi vida de chiquillo errante,
1224 1235 2281 1310 llegué a la orilla cenagosa de la laguna. Yo,
1224 1291 2268 1366 me creía entonces que era un lago. No pre-
1224 1361 2279 1425 cisamente en el centro, pero bastante lejos
1216 1404 2273 1468 de la orilla, crecía una flor acuatil, sola,
1264 1468 2284 1532 siste, larguirucha, como los chiquillos de la
1226 1516 2276 1594 calle, como esas niñas que piden limosnas,
1224 1575 1736 1667 delgadas y amarillas.
1328 1605 2279 1699 Allí, en medio de las aguas, parecía
1229 1653 2279 1747 que asomaba, pidiendo socorro, como si la
1221 1728 2287 1830 hubiesen arrancado de la orilla para tirarla.
1723 1795 2042 1871 en la laguna.
1830 1812 2284 1919 El azul claroscuro
1710 1892 2276 1975 de las aguas inalteras
1720 1948 2270 2037 bles, copiaba el del cie-
1715 2007 2289 2077 lo con una precisión
1720 2064 1940 2152 perfecta.
1825 2096 2281 2206 Solos, yo en la o-
1720 2131 2289 2257 rilla y la flor en el
1723 2222 2287 2305 agua, como si nos mi-
1720 2284 2276 2362 ráramos frente a fren-
1726 2340 2281 2402 te, la estuve contem-
1723 2402 2292 2474 plando mucho rato, tan
1723 2450 2287 2528 triste, tan abandonada,
1726 2507 2276 2579 tan sola como yo. Y
1726 2563 2295 2641 me aparté de aquel si-
1726 2614 2289 2681 tio pensando en los
1739 2678 2287 2745 jardines de mi tierra,
1720 2729 2297 2810 llenos de flores, que se
1723 2786 2289 2853 entrelazan, y se enre-
1723 2829 2289 2912 dan y se besan, for
1723 2885 2289 2963 mando ramos desorde-
1728 2947 2289 3011 nados y bellos, casi en
1728 3000 2295 3076 contacto con las legio-
1734 3057 2295 3137 nes de niños alegres,
1728 3113 2158 3194 como los pájaros.
1836 3161 2295 3247 Aquella for sola y
1071 3151 1354 3185 J PEREZ LOZADA
998 3173 1469 3211 Notable periodista puertorriqueño
