2479 3508
286 144 505 247 Página 3
2004 139 2275 242 Fémina
544 288 2021 393 Fiesta del Arbol
325 532 1274 630 HE aquí una fiesta que contribuye de ma-
327 623 1279 696 nera efectiva a la educación moral el
364 671 1272 730 intelectual de los alumnos de las Escue-
242 691 1272 791 las nacionales a las cuales es de estricta
251 776 1267 845 obligación que concurra todo el personal de
249 832 1267 893 los planteles en la tarde del último domingo
249 889 1262 952 del mes de Mayo, de ese florido mes, porta
254 940 1277 998 da de la Primavera cuyo nombre puesto fué
259 991 1274 1057 por los antiguos en consagración a la diosa.
259 1045 1274 1101 Maía. Los niños provistos de sendos ar-
251 1091 1267 1169 bolitos los plantan con religiosa devoción,
254 1150 1267 1223 como quien cumple los mandatos de Dios,
251 1204 1274 1272 en el sitio que de antemano haya indicado
249 1262 1267 1318 el Inspector Técnico en acuerdo con la au-
261 1311 1274 1379 toridad civil. El himno del árbol es ento-
261 1357 1267 1428 nado en ensallado acorde por todos los es-
259 1413 1216 1482 colares con acompañamiento de la músio
254 1470 1267 1531 Las notas de esa bella composición se ele-
266 1523 1267 1589 van por medio de las infantiles voces y flo-
251 1579 1274 1641 tan en el aífe, como si un coro de ángeles
259 1633 1269 1702 hubiese bajado de las regiones etéreas y
251 1682 1277 1758 desde la Tierra agradecida entonase una
261 1738 1267 1809 plegaria a Dios. En el sitio de la planta
254 1789 1279 1848 ción de los árboles, o en uno de los locales,
264 1841 1262 1909 donde estén reunidos todos los maestros y
261 1894 1284 1960 discípulos, uno de los encargados de guiar-
251 1948 1274 2014 los sentimientos de la niñez, formar los co-
264 2002 1265 2073 razones y alentar los brazos para el trabajo.
254 2056 1289 2134 ya sea el Inspector Técnico, ya sea un
264 2102 1279 2175 maestro, debe dictar una conferencia, dicho
266 2163 1279 2224 mejor, debe conversar con los niños, acercas
264 2214 1289 2280 de fiesta tan simbólica en su ejemplo, en su
266 2258 1279 2344 práctica y fines, ora diserte acerea del ori-
261 2312 1267 2385 gen de esta fiesta, que como la civilización.
264 2373 1287 2434 arranca desde la India en Asía, entrando
264 2424 1287 2507 por las puertas de Europa a mediados del
1306 537 2322 632 siglo XV, de este bello continente hacia la
1558 615 2319 684 América, joya encontrada por Colombo en
1311 671 2329 727 la inmensidad del Océano, de América a
1311 725 2322 808 Africa, y de este continente, hasta hoy el
1311 769 2322 835 mas atrasado, hacia el punto de partida,
1311 830 2329 896 tal como un viaje de circunnavegación; ya
1306 884 2309 942 hable del árbol, desde el punto de vista re-
1511 937 2322 1003 pues de un árbol se hizo la primera.
1309 991 2322 1062 cruz que lastimó los hombros del redentos
1306 1042 2324 1103 del mundo, bajo un árbol se dijo, en Amé-
1521 1096 2329 1177 rica, la primera misa y bajo un árbol se
1318 1150 2324 1213 convirtieron a esta religión, que durante
1318 1199 2324 1260 veinte siglos ha triunfado contra todos los
1311 1252 2324 1311 opositores, los primeros catecúmenos; ya
1311 1299 2317 1367 hable del Arbol por su utilidad en la moder-
1311 1352 2329 1428 na pedagogía, en la industría, en las artes,
1318 1409 2329 1470 y en las ciencias, o ya lleve su disertación a
1311 1457 2324 1533 la oculta animalidad de las plantas, a la
1313 1514 2324 1589 gnosis de la vegetación, trátese de plantas
1311 1570 2324 1638 indigenas o exóticas, solitarias o gregarias,
1313 1626 2324 1694 como si se tratara de hablar de seres racio-
1311 1670 2329 1738 nales exéntricos, agenos al contacto social,
1311 1721 2329 1792 de misántropos que estiman la felicidad en
1311 1780 2329 1843 la soledad de las tumbas, jamás epicúreos.
1313 1833 2329 1897 ni socráticos; o por el contrario hable de
1313 1880 2329 1960 hombres dados al intercambio de ideas, im-
1321 1938 2334 2012 presiones y conocimientos, punto éste en el
1321 1987 2331 2065 cual quien lleve la palabra, puede referirse
1311 2043 2329 2104 al alma de las cosas, pues el alma de Dios
1318 2097 2331 2158 está en todo lo que vive y palpita y en lo
1321 2146 2336 2217 que está inerte o reposado, extendiéndose.
1311 2202 2339 2256 acerca de la destrucción de los árboles como
1321 2258 2334 2324 acto de cruedad y en lo material al perjuicio.
1318 2358 1824 2415 tumba be los árboles
1321 2309 2331 2380 que sufre la agricultura con la desordenada.
266 2578 1118 2685 yo solo ¡tan tristes como estábamos!
383 2637 1299 2729 Y volví a verla; todos los días iba a la
259 2705 1284 2778 orilla de la laguna a contemplarla desde le-
261 2754 1289 2829 jos, cada vez mas larga y mas endeble, co-
273 2815 1291 2903 mo las vírgenes tísicas, que parecen mas
269 2871 918 2939 altas cuando van a morirse.
374 2898 1324 3015 No sé el tiempo que pasó pero la vi
269 2983 613 3064 muchas veces.
369 3010 1299 3125 La última vez que fuí a verla ya no
264 3086 554 3171 estaba sola.
1318 2415 1824 2451 tumba be los árboles
1948 2392 2278 2505 J. M. BOBEA
1418 2561 2331 2676 A su lado había nacido otra, tan cerca,
1321 2656 2334 2727 que, el mas imperceptible soplo de aire,
1335 2695 2336 2763 podría juntarlas, amorosamente unidas, en
1318 2754 2336 2844 la soledad magestuosa de la campiña ane-
1318 2815 1465 2900 gada
1428 2825 2331 2922 Y no volví a aquel sitio. No quise tur-
1324 2883 2336 3022 bar el idilio de las flores, sobre el lecho tran-
1326 2969 1763 3054 quilo de las aguas.
1848 3044 2290 3147 J. PEREZ LOZADA
