2479 3508
148 94 410 183 Fémina
2003 78 2215 161 Página 4
1361 179 2054 292 LULU
406 1890 874 2003 YO EN MI
1258 351 2221 429 Estaba triste, sola, humedecidos los ojos con
1174 417 2218 499 lágrimas de dolor, y meacerqué a ella para in-
1181 472 1817 546 dagar la causa de su tristeza.
1274 500 2226 578 Reservada como pocas, anduvo rehacia en
1167 553 2223 621 abrirme su corazón, y yo, al verla de ese modo
1178 616 1905 677 no tuve palabras para consolarla.
1271 633 2231 712 Un día en que estaban las mesas coliadas;
1174 687 2230 759 de labores, y el cielo de color cenizo, anunciaba
1173 736 2226 810 menuda lluvia, se le escapó del alma un suspiro
1178 781 2218 858 que al llegar a los labios, se exhaló en esta dolo
1178 846 1422 912 rosa queja:
1275 878 1874 936 —Por qué no cantará Lulú?
1263 933 1709 991 Lulú era su canario.
1270 954 2231 1029 Ah!—dije para mi—ya encontré la causa de
1178 1011 2233 1081 su tristeza. Es el silencio de su parlero pajarito,
1177 1060 2230 1127 color de oro, que ya no alegra, como solía, su
1180 1104 2081 1173 modesto hoga: con sus melodiosos trinos.
1282 1146 2230 1205 Ya ella no cosía en la máquina silenciosa
1174 1206 2234 1268 oyendo complacida los dulces gorgeos de su
1174 1252 1497 1314 aureo pajarito.
1270 1283 1790 1348 Este había enmudecido.
1314 1319 2227 1408 ¿Por qué Lulú estará mudo?—se pregun-
1178 1379 2239 1446 taba.—Cómo haré para que vuelva a henchir la
1178 1424 2239 1497 sala con las armonías de su canto? Yo nopuedo
1184 1481 1790 1547 vivir si no canta mi canario!
1268 1521 2225 1582 La vecina, amiga, como ella, de las aves y
1178 1567 2235 1622 las flores, y su buena amiga, quería que pasara
1178 1623 2231 1677 esa nube de tristeza y buscaba otros pájaros y
1178 1658 2223 1720 los ponía cerca de la dorada jaula en donde esta-
1181 1703 2230 1773 ba el que había enmudecido. Pero ay! todo en
1184 1747 2235 1809 vano! Diríase que era contagioso el mutismo de
1178 1805 1595 1867 la mimada avecilla.
1260 1938 2238 2016 En la solitaria calle no se oyen ahora las
1184 1999 2235 2058 sentidas y alegres notas del piano del hogar ve-
1178 2040 2223 2104 cino, que por duelo ha guardado profundo silen
1178 2089 2246 2145 cio; pero sí se escucha, en cambio, el aleteo de
1178 2136 2235 2199 un ave que trina para saludar y bendecir la Na-
1184 2194 1381 2249 turaleza.
1279 2226 1870 2291 Qué falta hacen esas notas!
1275 2264 2242 2334 Cómo alegraban el espacio los acordes de
1181 2326 1525 2393 aquel wals....!
1287 2360 1788 2430 Y mudo el piano ya.... Lulú tornó a can-
1162 2414 2243 2463 tar.... Hasta un día de sol espléndido, de olor
1178 2461 2242 2514 a rosas primaverales, en que aprisionadas las
1189 2507 2245 2561 blancas teclas del piano del hogar vecino por las
1189 2551 2243 2604 ágiles manos de la trigueña soñadora, se pobló
1181 2599 2238 2648 de nuevo el aire en la solitaria calle, y una casca-
1181 2644 2245 2702 da de armonías despertó en mí el recuerdo del
1189 2685 1952 2763 las últimas notas de aquel wals....
1278 2839 2239 2917 Lulú tenía celos del piano y, egoista inocen-
1186 2905 2245 2971 te, causaba con su prolongado y melancólico
1189 2954 2247 3006 silencio el pesar y el hastío que llenaban otra
1186 3001 2250 3053 vez de lágrimas de dolor los ojos de la sensible
1186 3046 1871 3103 dueña del pajarito color de oro.
1275 3067 2203 3163 Ah! los celos de las mujeres y de las aves.
242 2044 1041 2130 Yo siempre estoy en mi y soy el mismo
192 2122 1006 2191 encuéntreme en el llano o en la cumbre.
200 2172 878 2243 Yo ilumino al caido en el abismo,
195 2226 874 2295 mas yo de nadie necesito lumbre.
237 2335 921 2426 Mío es mi gozo y mi dolor es mío
195 2409 901 2475 lloro yo solo si es preciso el llanto,
195 2465 794 2538 y si hay que reir, solo yo río
195 2522 987 2608 para que nadie se inmiscuya en tanto.
245 2628 952 2730 Solo así, como éll vértice engreído,
195 2701 772 2771 rayo rabioso o iris sonreído
203 2765 924 2843 no me conmoverán lisonja o rabia.
242 2877 1024 2962 Que esta forma de ser debe ser buena,
200 2946 948 3015 ya que no me levanto en base agena,
199 2999 944 3079 ni agena es la raiz que me dá savia
624 3095 1044 3180 Enrique CAMBIER
200 3182 321 3254 1921.
1693 3165 2217 3241 Luisa O. PELLERANO.
