2479 3508
2020 155 2275 233 Fémina
285 159 489 245 Página 5
1025 483 1567 585 EVOCANDO...
812 571 1554 647 En ésta triste soledad de mi aposento
812 634 1626 700 y ante vuestro vetrato divina miniatura;
812 688 1573 741 Suele hasta vos mi pobre pensamiento
814 716 1689 792 que aduira, sin querer, vuestra hermosura
818 780 1596 854 Esa gracia peregrina mi jentil Señora,
812 843 1614 898 que en vuestro cuerpo pregona jentileza,
820 894 1526 940 y ese encanto tan dulce que atesora
814 929 1498 991 todo un poema de ática belleza
820 978 1576 1048 No puede el verso explicar el derroche
812 1044 1590 1099 de fina sutileza que a vos me encadena;
814 1093 1580 1144 si es vuestro traje la intempesta noche y
822 1126 1735 1201 que encubre orgulloso vuestro cuerpo azucena
820 1200 1719 1254 Tampoco puedo exponer de los regios hechizos
822 1251 1747 1302 que en vuestros cabellos, Señora, se adormecen;
818 1296 1703 1352 ni puedo describir la gloria de vuestros rizos y
814 1344 1736 1406 que en madrigales de seda parece que florecen
818 1392 1661 1460 Imposible a la rima, iso pena de agravios!
822 1454 1663 1509 Evocar esa grácil tentación que esclaviza
818 1497 1677 1546 el purpireo clavel de vuestros lindos labios
820 1543 1677 1616 que subraga gloriosa el rosal de la risa
828 1599 1762 1676 Y el alma galante a vuestras plantas de hinojos
820 1658 1636 1714 os habla muy quedo de pasión y ternura;
818 1696 1779 1761 no le negueis, Señora, la piedad de vuestros ojos,
820 1745 1709 1805 donde el ensueño puso su lirica dulzura....
861 1804 1504 1880 S. P. de Macorís, Mayo 12 1923.
1049 1905 1556 2010 SUJESTIVA.
530 2004 714 2076 Mi vista
533 2053 1158 2117 está ebria de tu sin par belleza;
533 2110 927 2169 quisiera ser artista
533 2154 1146 2216 para copiar tu airosa sutileza.
536 2222 831 2286 A veces pienso
536 2269 985 2336 pedirte algo.... como
529 2315 934 2374 el hacerte un lienzo
535 2358 1180 2435 para tener de tu beldad el cromo.
536 2420 836 2492 O en anestesia
533 2461 1159 2528 mirarte dormir, mi Primavera,
536 2519 1180 2575 y luego.... en la blanca Iglesia
536 2565 1141 2636 colocar tu imagen en vidriera.
539 2624 1030 2697 Eternizar tu hermosura,
533 2677 1164 2737 así lo aspira mi divino anhelo;
539 2722 1263 2775 que a tus plantas se pida la dulzura,
529 2779 1216 2840 como se implora la piedad al cielo.
542 2837 900 2893 Pues tu peregrina
539 2877 1246 2936 belleza no tiene—igualdad ninguna;
536 2929 1164 2982 tu patria? ila mansión marina
533 2971 1194 3050 o el cuerno argentado de la luna!
1325 2001 1573 2079 Y se aferra
1321 2041 1940 2115 a mi pensamiento la demencia.
1319 2106 1840 2157 de que no eres de la tierra
1325 2148 2045 2224 a pesar de tu tanta indiferencia....
1325 2208 1729 2285 Y probaré, Preciosa,
1327 2258 1916 2321 sin temor a tus cálidos enojos,
1319 2310 1814 2371 que tu boca es una rosa,
1321 2353 1755 2418 y dos luceros tus ojos
1327 2431 1608 2491 Que simboliza
1325 2465 1857 2535 la noche tu negro cabello;
1327 2529 1842 2583 que es un canario tu risa,
1325 2567 1851 2643 y que es un lirio tu cuello.
1337 2628 1830 2697 Y el pensamiento—grato y
1323 2682 1824 2739 alivia mi honda tristeza:
1325 2727 1821 2787 robarme tu lindo retrato.
1327 2769 1862 2843 para adorar tu belleza....
1513 2852 2035 2936 Miguel A. GUERRERO R.
1327 2959 1964 3034 S. P. Macorís, Mayo 13 de 1923.
