2479 3508
126 105 416 219 Fémina
1998 74 2224 197 Página 6
559 226 1805 378 TRISTEZAS INTIMAS.
245 464 1620 633 Las rosas del jardín de mi alma están marchitas!....
343 590 2129 702 Pobrecitas! Se mustian de dolor!.... Ya no esparcen como enantes
226 664 2124 747 sus perfumes, están sus broches sin color y replegados como las menudas hojas
228 730 2124 833 de la tierna sensitiva, que al más minimo contacto tímidamente se contraen....
338 780 2124 873 En las frescas mañanitas de la dulce alborada de mi vida, mi sentimiento
247 859 2119 952 —solícito jardinero—las cuidaba con amor, y las rosas abrían sus corolas y
238 925 1556 1025 esparcían sus fragancias en el albo recinto de mi alma.
338 985 2134 1104 Siempre estaba alegre el jardinero cuidando sus rosales, cantando desper-
231 1066 1306 1168 taba en las mañanas, y se dormía cantando.
357 1128 2134 1223 Mas un día por defender de mano aleve que intentaba destruirla, la
226 1197 2134 1270 for que en mas estima, del jardín tenía, el pobre jardinero quedó herido y está
233 1254 1746 1346 enfermo, casi muerto en el mas apartado rinconcito del jardín.
338 1325 2146 1453 Por eso, ya no cuida sus rosales, ya no canta, ya no ríe.... y.... tal vez
233 1399 599 1484 se morirá!....
354 1456 2136 1577 Y las flores, pobrecitas! ya no esparcen sus fragancias y sus tímidas coro-
231 1541 1315 1622 las, replegadas, para siempre quedarán!....
347 1603 2148 1722 Ah! Las heridas del alma no se curan nunca!.... Y si se curan, dejan-
240 1682 942 1777 una huella tan profunda!....
1368 1708 2084 1836 NATALIA ANGÉLICA GARCÍA.
930 2096 1463 2217 Carta Lírica
863 2198 1732 2291 A la carta de Luisa Ozema de Henríquez
649 2255 1456 2341 Oh Luisa Ozema: reposada, noble,
652 2324 1511 2391 meláncolica y suave.... te adivino!
659 2388 1465 2481 Debes tener los labios bondadosos
978 2450 1458 2536 y la frente de linos.
659 2498 1708 2593 Y has de saber rezar... No es cierto, amiga?
649 2586 1696 2655 Las madres que han sufrido siempre rezan.
666 2645 1456 2707 ¡Siento instintivamente que rodea
654 2693 1418 2783 una alreola invisible tu cabeza!
664 2755 1487 2840 A través de las tierras y los mares
664 2833 1375 2900 vino tu carta de dulzura llena.
661 2862 1677 2950 Beso las manos que cordial me tiendes....
678 2943 1551 3026 ¡Dios bendiga tu gesto, Luisa Ozema!
1018 3004 1684 3119 JUANA de IBARBOUROU.
664 3088 1392 3211 Montevideo, Agosto 8 de 1922.
