2479 3508
188 113 457 188 Fémina
2018 101 2239 179 Página 8
783 318 962 424 Rosa
806 421 1176 471 A su tía Felicia y a sus
779 467 1170 529 padrinos Laura y Tomás.
555 534 1041 606 Es mi Rosa regordita,
561 598 1050 659 una a modo, flor de té,
564 635 1155 694 si es graciosa o si es bonita
560 684 1080 760 yo no soy quien lo diré.
555 790 1078 871 Es parlera y juguetona,
567 860 1030 919 hacendosa sin tal vez,
561 906 1091 966 casquivana y algo mona,
564 951 1004 1023 andariega sin revez.
558 1065 1028 1129 Cuando sale de paseo
558 1124 961 1181 avívasele el deseo
564 1170 1041 1234 de la senda prolongar.
572 1286 1096 1355 Y cuando llega a su casa.
567 1339 1030 1402 sin medida y sin tasa.
567 1381 1132 1461 no hace más que suspirar.
1443 315 1705 406 Carmen
1516 404 1881 481 A su tía y madrina Ma-
1509 462 1716 517 ría R. Vizón.
1265 528 1842 609 Es tierna como un capullo,
1271 590 1761 642 atrayente como Diosa,
1267 636 1749 692 tiene ojitos de cocuyo.
1274 686 1816 740 e inquietud de mariposa.
1265 744 1845 814 Diremos que es un perico,
1274 799 1886 863 pues sabe que es un portento.
1277 854 1798 906 y no tiene quieto el pico.
1265 891 1807 959 casi ni un solo momento.
1274 941 1779 1011 Es precoz e inteligente,
1265 1011 1850 1070 alto ingenua, complaciente.
1276 1059 1707 1123 y sin igual cariñosa
1280 1114 1856 1183 por ello es todo mi encanto.
1274 1181 1796 1232 y la adoro tanto y tanto
1274 1213 1838 1285 como a ninguna otra cosa.
1385 1284 1850 1366 A. Felino VICIOSO V.
1274 1364 1890 1455 Ciudad Primada, Mayo 1923
1025 1777 1417 1873 Adolescente!
782 1903 1561 1976 Es tan pura, tan cándida y graciosa
785 1972 1562 2028 que al hablarla no sé como empezar,
785 2016 1419 2077 me parece de pétalos de rosa.
791 2055 1534 2127 que al tocarla se puede marchitar!
781 2133 1574 2216 Cuando a ella me acerco, me fascina
782 2186 1461 2253 el dulce aroma de su grato ser,
782 2233 1430 2298 al caminar, parece una divina
788 2283 1493 2350 ensoñación de angel y mujer....
793 2350 1439 2413 Sus ojos adormidos y serenos
785 2411 1463 2462 dejan muy claramente adivinar.
791 2458 1544 2512 que de pasiones va su pecho ageno,
782 2503 1669 2561 que no ha aprendido todavía a amar.....
791 2569 1547 2637 Más, cómo se presume de su alma
797 2632 1523 2681 la dulzura, el encanto y el candor;
788 2671 1596 2733 ¡quiera el cielo jamás pierda la calma!
791 2725 1537 2791 al abrirle sus puertas a amor!....
1134 2783 1633 2872 C. E. M de CRUZADO.
1343 2855 1507 2929 Violeta.
791 2917 1439 3011 San Cristóbal, Marzo de 1923.
