2479 3508
272 158 478 247 Página 9
1992 162 2267 242 Fémina
525 259 1058 369 CRISTO.
321 460 1349 541 Ved en la cruz el mártir de su amor infinito....
227 529 1139 601 ¡es el Dios del perdon!. Sangra la augusta
314 578 1029 644 corona del dolor sobre su frente,
332 624 835 675 y eternamente abiertos
231 659 1204 726 itiende á los hombres los amantes brazos!....
321 711 972 758 Amémonos en El, y redentora,
318 747 1031 812 su dulce ley de amor haga la vida.
322 799 1138 852 reino de Dios, de paz y de ventura....
224 842 1152 889 ¡Amemonos en El, hombres, hermanos!
231 878 1271 959 Amemonos, y el fuego de nuestro amor extinga
332 933 1015 987 rencores miserables, diferencias.
231 971 1218 1022 de clasee y de razas, de sectas y de cultos
329 1015 1060 1091 Borré nuestra bondad y tolerancia
326 1065 825 1124 todo humano delito....
239 1105 950 1168 icondene nuestro espiritu piadosa
239 1150 1065 1206 castigos y torturas y crueldades!......
326 1194 1082 1247 Inagotable nuestro amor, conquiste
234 1240 925 1312 la alta prerrogativa de los reyes,
329 1286 691 1345 y sea patrimonio.
234 1327 1154 1387 de todos el perdón; que haga en los campos
329 1380 832 1427 de abrojos y de espinas.
239 1414 823 1471 biotar hermosas flores!... ..
324 1446 1167 1512 Hagamos la sencilla vida de los obcuros,
239 1504 1208 1561 y el esplendor y fausto que resaltar nos haga,
368 1551 912 1601 escribe en que tengamos.
260 1576 1139 1653 ¡tesoros de bondad... Hermanos, hombres,
236 1637 990 1695 ide la humildad y del amor tan solo
326 1685 737 1745 existe la opulencia!
336 1768 965 1824 Vedlo en la cruz.... al mundo
239 1824 1118 1865 el esplendor de su bondad cegara........
242 1857 1194 1912 ¡es el mártir sublime de su amor infinito!....
242 1902 1128 1966 ¡el Dios de la piedad!... Sangra la augusta
332 1949 1022 2003 corona del dolor sobre su frente,
341 1992 845 2043 y eternamente abiertos
239 2018 1113 2108 tiende á los hombres los amantes brazos!
939 2086 1323 2168 VICENTE MEDINA
1387 246 2298 326 A “FEMINA” Y A SUS
1457 332 2237 400 DIGNAS ORGANI-
1600 394 2086 494 ZADORAS.
1472 570 2303 647 La simpática revista "Fémina” como
1389 650 2307 709 rosa que entreabre su corola, perfumando
1392 691 2296 735 el ambiente, ha venido enaltecedora, despe
1392 731 2303 789 jando de la mujer su mente y sacando mis
1389 774 2310 856 alma del letargo en que yacía, he sentido
1392 824 1666 890 inspiración!
1482 870 2303 936 Como no ser así? Toda mujer domini-
1389 922 2306 973 cana siéntese orgullosa con la obra realiza-
1389 966 2310 1024 da por las dignas e inteligentes damas que
1392 1012 2300 1065 integran el personal de esta revista ilustra-
1398 1060 1952 1128 da llena de amena lectura.
1482 1107 2310 1165 ¡Como no laborar con entusiasmo junto
1392 1157 2300 1206 a esas que valerosamente quieren con su
1370 1196 2310 1261 ilustración, ennoblecer el feminismo! Yo
1373 1246 2298 1293 como dominicana, que lleva dentro de sí, el
1377 1293 2298 1359 ideal del progreso de mi sexo, para bien de
1380 1330 2298 1403 esta patria, deseo larga vida a tan simpáti-
1389 1380 2300 1439 ca revista, a la vez que felicito con todo el
1392 1423 2303 1481 calor de una joven alma, a esas obreras in-
1398 1465 2310 1517 fatigables, que sin duda, han conquistado
1392 1518 2318 1582 ya los verdes laureles que da la constancia
1398 1558 1698 1629 y el esfuerzo.
1493 1587 2314 1663 Quisiera ser poetisa para cantarles
1392 1658 2303 1705 con dulzuras y armonías, sus glorias; para
1402 1702 2303 1747 decirles cuán grande es la misión que vues-
1402 1743 2316 1812 tro espíritu ha emprendido. Adelante
1400 1793 1879 1854 pues; nada os arredre!
1496 1833 2313 1898 Yo pido a "Fémina" y a sus lectores
1402 1893 2313 1948 con humildad, indulgencia y favor para mi
1402 1940 2303 2002 poca capacidad, para mi pobre lenguaje;
1405 1981 2313 2028 que acepten esta dedicatoria de su admi-
1405 2031 1572 2100 radora:
1597 2085 2267 2164 PURA MARIA PUELLO SÁNCHEZ
347 2285 1113 2375 CHARADA NO. 10
535 2378 1170 2469 A MARIA DEL MAR CARIBE
380 2476 878 2567 Reclinada en prima dos
372 2547 799 2630 saboreaba una total
382 2606 828 2683 la simpática Margot;
383 2664 955 2743 mas de pronto tres primera
380 2733 886 2797 el sol, y en su cabellera
380 2779 821 2845 un vivo rayo enredó,
383 2834 807 2917 y la todo casi entera.
383 2891 877 2964 sobre el velador quedó.
919 2993 1128 3066 Magnolia.
1590 2270 1978 2346 FABULA
1300 2368 2061 2435 Una estatua de corcho y otra de oro,
1302 2433 2075 2486 del mar cayeron al profundo abismo:
1318 2487 2030 2548 Se hundió la que valía gran tesoro
1300 2549 1984 2598 y la otra se salvó del cataclismo.
1305 2587 1991 2661 De la santa Justicia con desdoro
1308 2647 2082 2701 entre los hombres ví pasar lo mismo:
1305 2700 2133 2759 Aquel que vale se hunde en mar ignota
1300 2736 2241 2818 y el hombre corcho en camnbio siempre flota.
1506 2847 2071 2923 PENSAMIENTO.
1340 2925 2316 2988 Cuando la mujer se estaciona y no adelanta,
1258 2986 2303 3033 entonces desciende, y descendiendo la mujer, tam-
1261 3015 2313 3072 bién desciende necesariamente el hombre. Aque-
1254 3062 2313 3142 lla es la ley del progreso, ésta la ley del equilibrio,
1727 3127 2271 3206 Antonio de los Ríos y Rosas.
