2479 3508
109 144 386 228 Fémina
1895 130 2136 209 Página 10
347 309 1948 436 Por el Mundo Social.
118 605 1107 686 Saludos.—Los damos muy atentamente a la sim-
88 681 1106 740 pática señora Herminia Lovatón de Lugo, y su
91 722 1101 779 hijo Cristián Lugo, galano escritor, quienes se
84 770 826 827 encuentran de paso en esta ciudad.
127 853 1111 937 Fiesta del “Ensueño”.— Noche romántica y propia
88 918 1107 981 para el poema, fué la del Sábado 26 en que la
88 962 1104 1019 sociedad de damas "Ensueño", festejó con un
88 1001 1098 1055 banquete-baile a la señorita Carmita Mallén, co-
89 1051 1098 1104 mo galante despedida de soltera. Fué una no-
84 1104 1097 1160 che deliciosa, llena de alegría en la cual la mujer,
82 1142 1111 1202 como siempre, puso la nota alta de su belleza
88 1190 292 1263 suprema.
130 1282 1116 1348 Azahares.—Muy hermoso resultó el acto nupcial
88 1338 1119 1392 de la señorita Victoria Chahim con el joven José
93 1386 1107 1438 Steffan el día 27 del mes en curso. Apadrina-
93 1430 1104 1479 ron la boda las distinguidas y elegantes señoras
84 1469 1104 1531 Kamel de Hazim, Lola de Diaz,  C. de Gonzalez; y
88 1518 1117 1574 los caballeros Dr. Horacio V. Vicioso, Pablo
88 1562 1112 1631 Díaz, y Nemen Hawley. Eterna luna de miel
91 1611 712 1676 deseamos a tan joven pareja.
130 1699 1113 1762 Ana Luisa Hernández.—De los cármenes de la vieja
93 1756 1098 1806 ciudad de piedra, y en el hogar de nuestra Di-
97 1800 1120 1850 rectora, se encuentra pasando una temporada
91 1848 1113 1905 en este jardín de Macotís, la bella y espiritual
88 1896 1112 1960 señorita Ana Luisa Hernández. Para tan pre-
91 1939 1064 2003 ciosa huésped, las flores de nuestra simpatía.
139 2031 1125 2090 Motivos Románticos.— Damos las gracias al poeta
97 2086 1113 2139 Mario Caminero Sanchez, por el delicado envío
93 2136 1119 2182 de su libro de versos publicado hace poco. A
102 2182 1099 2237 la vez que agradecemos la dedicatoria del exqui
93 2224 1064 2276 sito bardo, le auguramos un soberbio triunfo
136 2311 1123 2389 A la Romana.—En diligencias relacionadas con la
100 2375 1116 2428 administración de esta publicación quincenal,
102 2420 1119 2478 se ausentará en la próxima semana nuestra in-
102 2467 1112 2521 teligente y activa Directora Srta. Petronila An-
106 2512 1119 2573 gélica Gómez, culta Maestra Normal. Espera
100 2551 1123 2607 mos que la blanca ciudad de La Romana sabrá
102 2594 1116 2657 dispensar le una buena acogida a nuestra ilustre
99 2648 286 2714 viagera.
148 2749 1121 2819 Luisa Ozema Pellerano de Henriquez. Hoy se engalana
102 2791 1116 2849 la portada de esta Revista, con la figura exquisi-
100 2840 1125 2889 ta de la galana y ática escritora y digna Maestra,
106 2884 1123 2941 Luisa Ozema Pellerano de Henríquez Los que
102 2932 1116 2985 hemos conocido la labor suprema de esta agra-
100 2968 1116 3024 ciada, no podemos sino ver en ella la cumbre so
106 3018 1129 3079 berbia de la mujer dominicana. Ella es todo
100 3066 949 3137 sabiduría, mansedumbre y patriotismo.
154 3092 1119 3160 Rosas del corazón que jamás se ua elitan ve-
100 3149 665 3216 gamos ante su vera efigie.
1181 601 2173 675 Aclarando —Al publicar en página preferente un
1145 656 2158 732 delicado trabajo de la ilustre Maestra Luisa Oze
1151 710 2170 767 ma Pellerano de Henriquez, debemos hacer cons-
1145 752 2167 809 tar que al llevar solamente la firma de Luisa Oze-
1143 795 2174 866 ma Pellerano, es porque fue una de sus tantas
1148 841 2171 906 producciones antes de contraer nupcias con el
1145 880 2163 941 fino, honorable, ilustre publicista, poeta, orador
1151 926 2170 993 y patriota den Federico Henríquez y Carvajal.
1154 973 2178 1034 Esta joya de nuestra literatura es del año 1903.
1154 1016 2176 1089 Valga a la querida Doña Luisa esta humilde
1145 1073 1565 1138 aclaración nuestra.
1193 1176 2184 1248 Bodas.—El próximo 2 de Junio celebrarán sus
1156 1226 2176 1292 bodas en esta ciudad la bella y elegante Srta.
1154 1274 2176 1333 Carmen Matilde Mallén con el correcto joven-
1154 1318 2178 1382 Juan V. Chalas. A tan divino acto hemos sido
1151 1365 2182 1427 atentamente invitadas, agradeciendo tan fina
1152 1408 2173 1479 deferencia y prometemos hacer una reseña es-
1163 1454 2005 1527 pecial de esa noche que será Inolvidable.
1199 1572 2191 1638 Refutando al Sr. Bobea.—Mi amigo y compañero don
1151 1619 2179 1668 Joaquín Ma. Bobea, en una de sus bien escritas
1154 1664 2184 1724 crónicas del "Listín" refuta la denominación
1181 1719 2163 1773 Playa Muerta", que en vez de "Playa de Muer-
1160 1765 2174 1821 tos" diéramos al grabado de la portada de nues-
1156 1808 1590 1881 tra edición anterior.
1206 1858 2180 1916 Sin dejar de estimar en cuanto valen las ex-
1154 1900 2173 1970 plicaciones del escritor Bobea, podemos asegu-
1160 1948 2178 2008 rarle que a dicha playa se le da las dos denomi-
1154 1995 2160 2053 naciones. Unos la llaman "Playa de Muertos"
1161 2038 2182 2101 fundándose en la ilógica tradición que existe de
1155 2103 1826 2156 que en ese sitio salían muertos.
1199 2144 2189 2220 Otros habitantes tan antiguos como aquéllos
1163 2202 2180 2259 la nombran "Playa Muerta", denominación ló-
1163 2236 2182 2298 gicamente desprendida de la reposada tranqui-
1163 2283 2188 2340 lidad de sus aguas, que nada de turbulento tienen, señor
1164 2325 2191 2386 Bobea, pues, al estrellarse las olas contra la
1174 2373 2185 2436 punta que forma ese recodo, pierden allí sus
1165 2425 2182 2480 bríos, llegando a la orilla en estado manso, y
1165 2465 2009 2526 formando, por tanto, una playa muerta.
1211 2524 2184 2578 Y, para desvirtuar lo que Ud. llama innova-
1160 2574 2185 2629 ción, le invitamos, señor Bobea, a consultar el
1156 2613 2170 2675 número primero de la revista local “Minerva”
1163 2656 2185 2714 que en ocasión de publicar ese mismo clisé, de-
1165 2704 2196 2766 nomina lógicamente el sitio en cuestión: "Playa
1169 2756 1366 2819 Muerta".
1206 2835 2197 2923 Nueva colaboradora.—Inicia su labor literaria en el
1163 2902 2188 2963 presente púmero de "Fémina” la inteligente se-
1165 2944 2191 3025 ñorita capitaleña Natalia A. García, Licenciada
1163 3000 1440 3062 en farmacia.
1211 3046 2191 3114 La Srta. García posee una franca vocación
1163 3101 2202 3152 literaria por lo que le felicitamos y quedamos a
1163 3152 1673 3221 sus oportunas órdenes.
