2479 3508
1474 81 2224 174 Archivo General de la Nación
1600 174 2033 227 HEMEROTECA
945 344 1733 432 FEMINA
641 541 2036 583 REVISTA DE LITERATURA, CIENCIAS Y ARTES
922 597 1758 645 CONSAGRADA A LA MUJER.
982 703 1698 743 DIRECTORA ADMINISTRADORA:
877 757 1812 800 PETRONILA ANGELICA GOMEZ
1167 815 1522 861 Maestra Normal.
1176 924 1516 961 REDACTORES:
871 978 1809 1018 MARIA L. ANGELIS DE CANINOS
441 1033 2239 1079 PETRONILA A. GOMEZ, CONSUELO MONTALVO DE FRIAS.
355 1162 558 1228 Año 1
979 1162 1761 1210 San Pedro de Macorís, Junio 15 de 1923
2173 1153 2328 1210 Nro. 21
832 1392 1886 1446 LA ROMANA
483 1599 2364 1639 EN tu regazo, ciudad preciosa, se siente la alegría de haberte conocido, y en un
319 1652 2364 1694 rasgo de sentida gratitud ferviente, se siente el deseo de besar la tibia arena que han pisa¬
316 1708 1725 1742 do las plantas de tus nobles caballeros y de tus cultas damas.
477 1756 2370 1796 Porque en tí, todo es dulzura, claridad, armonía, vida; porque en tí, todo invita al
322 1806 2364 1848 trabajo, y bajo ese escudo, te alzas blanca y magestuosa, sobre la margen del río que
325 1859 2164 1901 borda encages de espumas a tus pies, como tributo de admiración á tu hidalguía.
486 1909 2355 1955 Solo para la mirada artista, falta á tu parque, esa explosión de colores con que
328 1966 1032 2015 primavera adorna los jardines.
486 2015 1322 2060 Bien podrían tus damas, rosal de gen¬
325 2072 1328 2109 tilezas, olvidar el pugilato que tienen con las
319 2126 1322 2163 flores, sus hermanas, y constituirse en be¬
322 2174 1313 2214 llas jardineras, que de acuerdo con ese Ca¬
328 2228 1331 2268 bildo, ilustre, hagan de ese parque blanque¬
322 2281 1328 2321 cino y vermo, una sonrisa de Dios, con
322 2336 1319 2373 minúsculas avenidas, y floridas reatas, y
337 2387 1328 2436 pueda decir el poeta en noche de concierto:
361 2437 1322 2477 fué un delicioso rato de belleza, de perru¬
325 2497 1083 2544 mes y de músicas de alas....
406 2634 1259 2682 BLANCA PIÑEYRO.
438 2745 1334 2791 La muy culta y simpática señorita, con
325 2800 1337 2839 cuyo nombre encabezamos estas lineas, será
328 2852 1337 2895 la que en la ciudad de La Romana sea
337 2908 1331 2948 nuestra distinguida representante y Agente.
441 2957 1330 3002 "Fémina" se siente orgullosa por esta
328 3019 1331 3062 fina adquisición, y ruega á sus favorecedo¬
334 3072 1325 3112 res en esa culta ciudad dispensen á tan de¬
331 3126 1101 3171 licada señorita su mejor acogida.
1588 2117 2140 2171 TARGETA
1495 2232 2289 2272 La Señorita Petronila Angélica Gómez,
1450 2284 2292 2329 Directora de esta Revista, se siente alta¬
1450 2344 2283 2386 mente agradecida de la atención que le dis¬
1456 2401 2283 2446 pensó el pueblo de La Romana, y en nombre
1444 2457 2283 2499 también de sus compañeras de labor Sras.
1450 2514 2286 2559 Montalvo de Frías y Angelis de Canino, dá
1453 2569 2280 2612 las gracias, muy especialmente á los com¬
1450 2625 2286 2670 pañeros en la prensa Enrique Cambier
1400 2678 2286 2723 director de "La Lucha", J. Veloz, director
1450 2743 2289 2783 de "La Tarde", Porfirio Febles, Manuel de
1456 2800 2289 2846 Jesús Pérez, Baudilio Ortiz, y demás ele¬
1456 2861 2304 2900 mentos de valer que en una forma y otra,
1450 2914 2298 2957 ayudaron expontaneamente a que "Fémi¬
1450 2966 2322 3017 na sea leída en esta culta y simpática
1453 3032 1668 3080 población.
