2479 3508
128 212 403 254 Fémina
1979 182 2176 221 Página 2
86 326 1504 386 COMO ENTIENDE EL FEMINISMO
859 421 2203 484 EL "CLUB FEMENINO DE CUBA"
815 548 1501 592 Por PILAR JORGE DE TELLA.
185 672 1137 717 Este brillante trabajo de la distinguida, inteli¬
98 717 1134 765 gente y culta presidenta del Club Femenino de
95 762 1143 804 Cuba fué leído por su autora en la primera de la
89 806 1134 851 serie de conferencias que en dicho club dió sobre el
101 850 1137 902 feminismo el Dr. Arturo Montori, y a las cuales
89 898 1137 944 asistió numeroso publico, compuesto no sólo de
98 952 797 993 mujeres, sino también de hombres.
110 1051 561 1093 Señoras y Señores:
208 1126 1143 1177 Antes de deciros dos palabras sobre el
104 1181 1137 1233 acto que aquí nos reune esta tarde, quiero
104 1234 1143 1289 pedir, á todas las presentes, un respetuoso
101 1288 1134 1343 homenaje de admiración y ternura á la ex¬
107 1348 1146 1394 celsa mujer que acaba de abandonar las
101 1407 1140 1450 rivalidades de este mundo para contemplar,
107 1457 1146 1503 tranquila y satisfecha, desde regiones igno¬
104 1509 1149 1561 radas, la estela de brillante luz dejada en su
107 1563 1149 1621 paso por la vida. Esta mujer como todas
118 1623 1149 1664 sabéis se llamó hasta ayer, Emilia Pardo
113 1670 1137 1719 Bazán. Nombre que llena de amor un ho¬
107 1727 1140 1788 gar, que enorgullece á las letras castellanas
110 1789 1143 1838 y que honra nuestro sexo alentando á la
107 1842 1134 1885 mujer, en sus últimos escritos, á que perse-
119 1897 1146 1940 vere en sus luchas idealistas hasta obtener
107 1949 740 2000 lo "Justo porque es justo".
214 2002 1155 2045 Como respetuoso homenaje os ruego
116 2060 1140 2102 que puestas en pIe elevemos nuestro pensa¬
110 2123 540 2162 miento hasta ella.
214 2171 1152 2214 Siendo tan diversos los conceptos que
113 2222 1152 2265 sobre el Feminismo sustenta gran numero
116 2278 1158 2320 de personas con quienes hemos hablado de
113 2332 1146 2377 esta materia, y comprendiendo que tan
116 2388 1155 2436 distintas interpretaciones dan lugar á juicios
119 2439 1164 2484 equivocados unos, malevolos otros, pero to¬
122 2492 1140 2543 dos tendientes a tergiversar la verdadera fi¬
122 2548 1161 2594 nalidad de los ideales de la mujer, el Club¬
119 2608 1164 2651 Femenino de Cuba decidió crear, conforme
128 2664 1155 2704 á las aspiraciones de su nuevo programa,
125 2720 1155 2757 un curso que enseñara y estableciera, en
128 2768 1155 2814 forma clara y terminante, los diversos as¬
131 2824 1158 2875 pectos que abarca el feminismo y así, diata¬
119 2877 1161 2916 nizar toda duda y temor que á este respecto
128 2936 1161 2982 aún subsiste en multitud de mujeres y hom¬
125 2996 253 3033 bres.
235 3041 1170 3090 Este curso encomendado al competen¬
131 3100 1176 3143 te profesor Dr. Arturo MontoIr enseñará á
125 3151 1167 3197 la mujer que el feminismo debe ser la su¬
137 3205 1161 3260 prema aspiración de toda mujer como esen¬
134 3265 1170 3311 cial anhelo de obtener lo que por derecho
1176 651 2224 705 superior le corresponde y que por incalifica¬
1185 708 2221 765 ble debilidad ha permitido dejarse arreba¬
1182 780 1274 819 tar.
1289 815 2230 872 Al hombre también le enseñará que no
1182 876 2230 925 tiene razón en temer los efectos que puedan
1182 930 2230 979 derivarse de la igualdad de derechos que su
1185 982 2224 1033 compañera en especie debe disfrutar, pues
1185 1038 2221 1089 el desenvolvimiento de la civilización de¬
1191 1091 2230 1143 muestra que la naturaleza es prodiga en el
1191 1148 2230 1200 empleo de las actividades del hombre y a
1194 1202 2239 1256 medida que la humanidad se reproduce y se
1188 1249 2227 1307 extiende por todas partes de nuestro plane¬
1203 1308 2218 1365 Ta, vemos como despierta y agudiza la inte-
1191 1367 2236 1418 ligencia á sus moradores y les abre nuevas
1191 1420 2233 1468 orientaciones en donde encuentra ocupación
1197 1484 1656 1526 la energía humana.
1301 1534 2233 1582 Si es así, como no es posible dudar,
1206 1582 2236 1635 ¿por que preocupa al hombre la competen¬
1194 1639 2239 1687 cia femenina en el campo de las actividades
1194 1705 1639 1750 por él acaparadas?
1310 1741 2242 1798 Tampoco debe atemorizarlo el infantil
1188 1803 2242 1854 argumento con que algunos humoristas
1197 1864 2230 1909 quieren ridiculizar nuestros justos anhelos,
1194 1912 2230 1963 diciendo que al invadir las mujeres las habi¬
1194 1963 2242 2018 tuales ocupaciones masculinas le correspon¬
1194 2020 2233 2072 dería al hombre el cuidado de los niños y
1197 2082 1886 2125 el arreglo del interior casero.
1301 2139 2242 2191 No se asusten los timoratos ante ese
1203 2194 2242 2251 monstruoso peligro. Si alguno se dedicase
1194 2250 2248 2301 a los cuidados genuinamente femeninos no
1203 2303 2239 2358 culpeis por eso al feminismo, ello solo obe¬
1206 2363 2245 2415 decería á un capricho de la naturaleza que
1203 2414 2239 2469 suele producir esos ejemplares en todo tiem¬
1209 2470 2245 2528 po como para demostrar el infinito poder
1212 2527 2074 2579 que posee uniendo dos sexos en uno.
1313 2587 2251 2639 Pero no temas; la mujer en todo tiem¬
1209 2646 2248 2703 po y en todas las condiciones será siempre
1206 2699 2254 2751 mujer. La naturaleza que la escogió para
1212 2750 2251 2807 madre la doto de exquisiteces y ternuras
1215 2808 2254 2863 que nada podrá arrebatarle. Su natural
1215 2859 2248 2916 dulce y delicado persistirá siempre por en¬
1215 2911 2251 2971 cima de toda evolución y no se modificará
1219 2963 2245 3029 porque sea dueña de sus pensamientos y
1212 3026 2242 3081 acciones, y hallará siempre gozo en dedi¬
1215 3085 2257 3131 carse a los que sus sentimientos la inclinan.
1218 3140 2254 3188 Mas no lo hara entonces como hasta ahora
1218 3188 2263 3242 lo ha hecho, casi sin conciencia y haciendo¬
1218 3246 2260 3303 la creer que solo para eso sirve y que su
