2479 3508
316 245 519 284 Página 3
2039 242 2292 282 Femina
414 377 2194 414 LAS CURIOSIDADES DE LA HISTORIA.
555 574 1018 619 NAPOLEON Y EL 20.
367 663 1295 699 En la gloriosa carrera de Napoleón, se diría
277 708 1286 741 que el 20 de Marzo haya ejercido una arcana in¬
283 753 1286 789 fluencia, como se verá por la siguiente lista 20
280 798 1295 828 de marzo 1779: el futuro emperador es conducido
292 839 1283 875 por su padre Carlos Bonaparte á Paris para ser
286 881 1292 920 inscrito en la escuela militar de Brennes. 20 de
289 929 1301 962 marzo 1785. Bonaparte recibe la noticia de la
286 973 1292 1007 muerte de su padre. 20 de marzo 1794: llega a
295 1012 1295 1051 Niza comandante en jefe del ejército de Italia.
295 1054 1292 1095 20 de marzo 1800: batalla de Eliopolis. 20 de
286 1108 1292 1138 marzo 1804: el duque de Enghien es ajusticiado
283 1150 1292 1180 en Vincennes. 20 de marzo 1808: abdicación del
289 1195 1295 1225 rey Carlos de España. 20 de marzo 1809: bata¬
286 1236 1295 1266 lla de Abensberg. 20 de marzo 1811, nacimien¬
286 1281 1301 1314 to del rey de Roma. 20 de marzo 1814, toma de
292 1326 1298 1356 Toul. 20 de marzo 1815: Napoleón retorna a
286 1371 1292 1401 París. 20 de marzo 1821: dicta en Santa Elena
286 1410 674 1449 su último concilio.
376 1457 1286 1487 Curiosa coincidencia esta tambien: fué con¬
295 1502 1295 1532 sagrado emperador el mismo día 2 de diciembre
292 1544 1301 1577 1804, en que Luis XVIII publicaba en Colmar el
286 1589 1298 1622 conocido manifiesto á los franceses en el cual
292 1633 1303 1663 comunicaba la firme confianza de volver tarde o
292 1680 686 1711 temprano al trono.
516 1768 1101 1802 EL MES DE DICIEMBRE.
382 1848 1303 1884 En este mes se verificaron muchos entre los
298 1890 1303 1935 principales sucesos Napoleónicos como se ve por
292 1938 770 1974 la siguiente efeméride:
382 1986 1301 2028 1o. de Diciembre 1807: Gerónimo Bonaparte
292 2031 1298 2067 es nombrado rey de Westfalia. 2 de Diciembre
301 2078 1303 2111 1804: Pío VII corona á Napoleón emperador. 4
295 2123 1301 2156 de Diciembre 1808: Napoleón entra victorioso en
298 2168 1303 2204 Madrid. 10 de Diciembre 1848. Los Napoleón
295 2213 1301 2246 es elegido presidente de la republica francesa.
295 2251 1301 2293 12 de Diciembre 1799: Bonaparte es elegido pri¬
1331 580 2340 613 mer consul. 14 de Diciembre 1840; las cenizas
1334 624 2340 657 de Napoleón son transportados a Los invalidos.
1337 666 2340 699 16 de Diciembre 1810: el emperador se divorcia
1334 708 2337 744 de Josefina. 18 de Diciembre 1812: retorna Na-
1340 756 2343 792 poleón de Mosea, 19 de Diciembre 1793, toma
1337 798 2337 831 de Tolon donde Bonaparte inició su carrera mi-
1337 845 2343 875 litar. 24 de Diciembre 1800: El primer consul
1334 890 2346 920 se salva milagrosamente de atentado con la
1337 935 1713 965 máquina infernal.
1421 973 2334 1007 Se puede agregar que la letra M parece tu¬
1337 1015 2337 1051 vo algo de fatidico en la carrera de Napoleón.
1343 1063 2337 1096 María Luisa y Metternich ayudaron de algun
1340 1108 2331 1141 modo á su ruina. Marengo inició su gloria y
1349 1153 2337 1186 Mosca la trunco. Males conspiró contra el
1343 1195 2340 1228 Moreau lo traiciono. En Santa Elena tuvo por
1337 1236 2337 1269 compañero a Montholou y por camarero a Mar¬
1346 1281 2340 1317 chaud. Entre sus mariscales estuvieron Mas¬
1346 1323 2337 1356 sena, Mortier, Marmont, Macdonald, Murat y
1352 1371 2337 1404 Moncey. Milán fué la primera capital enemiga
1346 1419 2083 1449 en que entró y Mosca fue la ultima.
1427 1460 2337 1490 Estas ironias o fatalidades históricas, basa-
1346 1502 2331 1535 das sobre fechas no son infrecuentes, y el reu¬
1349 1543 2346 1580 nirlas resultarían no solo interesantes como cu¬
1352 1592 2340 1628 riosidades, sino hasta util porque contribuirían
1303 1633 1307 1663 comunicaba la firme confianza de volver tarde o
1346 1633 2337 1669 a dar razón a las creencias supersticiosas fun¬
1343 1675 2349 1708 dadas en la reunión de ciertas fechas y ciertas
1337 1723 2346 1753 cifras; creencias que son comunes a todos los
1343 1765 2337 1804 pueblos, y que deben en origen haber sido su¬
1343 1804 2331 1840 geridas precisamente por la observación de si
1343 1850 2343 1887 miles coincidencias. Hay una literatura inspi¬
1349 1899 2349 1932 rada a este motivo y es la que encabeza el drama
1367 1941 2340 1977 El 24 de Mayo de Zacarias Werner, que flo¬
1355 1986 2352 2019 reció en el primer cuarto del siglo pasado en
1349 2033 1561 2064 Alemania.
1594 2108 2110 2145 (Traducción del italiano)
1868 2180 2310 2214 MARIA DI SORRENTO.
1346 2251 1907 2288 Barahona, 2 de Marzo 1923.
295 2460 1301 2503 misión debe equipararse a la de maquina
295 2514 1304 2557 incubadora; entonces la realizará consciente
295 2568 1268 2605 de su grandeza y por omnimoda voluntad.
400 2619 1295 2662 Al llegar aquí me doy cuenta que sin
292 2675 1301 2712 querer, invado el terreno del conferencista,
292 2726 1292 2769 al que pido excusas por mi extralimitación y
304 2781 1015 2823 a vosotros por mi atrevimiento.
412 2825 1304 2871 Termino diciendoos que con la confe¬
295 2878 1301 2927 rencia de hoy dá principio el curso de femi¬
295 2938 1301 2981 nismo á cargo del reputado profesor Dr.
301 2986 1292 3035 Arturo Montori. Su nombre de todos cono¬
298 3040 1295 3083 cido nos autoriza á aseguraros que al termi¬
304 3093 1298 3136 nar este curso quedaréis plenamente satis¬
298 3147 1304 3187 fechas abrigando en vuestra alma el intimo
298 3207 877 3244 orgullo de ser feministas.
1543 2452 2143 2494 PENSAMIENTOS
1439 2595 2352 2625 Toda mujer es una escuela; y de ella recibe
1352 2637 2346 2676 las generaciones sus creencias. Mucho antes
1349 2684 2346 2720 de que un padre piense en la educación de su
1352 2726 2346 2765 hijo, la madre le ha dado la suya, que no se des¬
1352 2777 1836 2807 vanecerá seguramente.
2042 2828 2310 2865 MICHELET
1433 2926 2352 2963 Donde quiera que el talento de mujer se ha
1352 2968 2337 3007 cultivado, donde quiera que ha ocupado un pues¬
1352 3013 2343 3049 to en el mundo inteligente y espiritual, desapa¬
1349 3058 2346 3097 rece la barbarie y se perfecciona la sociedad.
1349 3099 2337 3141 La mujer, pues, es un gran elemento de civili¬
1346 3154 1507 3187 zación.
1704 3198 2307 3235 VIZCONDE DE SAN JAVIER.
