2479 3508
119 192 397 231 Fémina
1961 159 2167 198 Página 4
298 1163 1221 1205 LA GRACIOSA NIÑITA FEDORA
465 1222 1044 1258 hija de los esposos Mendoza Gómez,
635 1267 880 1303 de esta ciudad.
1567 275 2060 323 MI SILENCIO?
1430 361 2152 404 Mi silencio? De culpa soberana
1391 409 2185 448 de la inmensa pasión que me devora;
1394 455 2122 493 tu eres para mi sol de la mañana,
1397 500 2179 542 o encarnación soberbia de la aurora.
1442 588 2125 630 Mi rima al mirarte se engalana
1400 631 2194 678 bajo una dulce tentación ensoñadora:
1400 678 2155 720 ser en tu boca gorgeo de campana,
1400 724 2137 766 música de besos o risa turbadora.
1453 806 2233 852 Mi silencio? Rosal de bendiciones
1400 855 2092 900 que adora tus raras seducciones
1403 906 1964 948 tu grácil fina jentileza;
1453 988 2236 1034 Mi silencio? Es el místico reclamo
1319 1035 2155 1069 del corazón que muere de tristeza
1403 1082 2101 1127 sin saber decirte. YO TE AMO
1677 1163 2233 1210 MIGUEL A. GUERRERO R.
1403 1240 2083 1290 S. P. Macoris, 4 de Junio 1923.
373 1399 877 1432 TUS CARTAS.
143 1470 922 1515 Que no! Tus cartas no te las envío
98 1520 979 1562 ni hoy ni jamas, que fueron las primeras
104 1571 785 1607 ay, que dictó tu corazón impio.
110 1608 850 1656 Quiero guardarlas en el pecho mío
101 1661 895 1703 para leerlas cuando no me quieras...
152 1729 1104 1771 Que no que no y en vano has de pedirlas,
110 1777 910 1819 y en vano taladrar querras mi calma;
107 1825 922 1867 ya no son tuyas, porque al escribirlas
101 1869 818 1905 en mi pensabas y yo al recibirlas
110 1918 746 1954 recibía un pedazo de tu alma!
158 1984 1107 2029 Me olvidarás? Muy bien; pero es mi empeño
107 2037 892 2070 vivir en tí como en el mar las perias,
107 2078 880 2114 quizás por ellas pensara tu ensueño
113 2126 824 2162 en el lejano amor, como yo sueño
113 2175 809 2208 en tu cariño frágil al leerlas....
161 2245 931 2284 Que no Tus cartas no te las envío,
119 2292 934 2326 porque al perderlas perdería la calma:
119 2337 874 2371 Quiero enterrarias en el pecho mío
116 2381 815 2423 como reliquias de tu amor implo
113 2429 877 2477 y porque son pedazos de tu alma...
1513 1377 1916 1416 OBSESION.
1238 1455 1982 1500 Nada, que nada turbe este silencio
1188 1506 1895 1547 en que vive mi sordo desengaño,
1194 1550 1925 1592 ni la suprema invocación del beso
1197 1593 2057 1644 que hirió de muerte aquel amor pasado!
1238 1721 2000 1766 Con la armonía tremula de un rezo
1194 1773 1916 1817 isócrono, mongo, livido, amargo,
1200 1818 2018 1861 rompe la lluvia su errabundo ensueño
1197 1868 1916 1905 en las rosas sardonices del patio.
1244 1952 2045 1995 I hoy que divago á mi pesar contigo,
1203 1998 1958 2052 junto á los libros que tiro el hastío
1203 2043 1997 2090 siento de aquel vestido azul los roces
1244 2131 2060 2180 y una dulce fragancia de campanulas
1200 2176 1877 2219 en el cerrado tocador en donde
1200 2223 1976 2268 duermen un sueño lírico tus cartas!
1740 2308 2212 2350 M. A. PEGUERO HIJO.
1241 2413 1546 2455 Junio 9, 1923.
155 2817 835 2853 Interesante grupo de jugadores
116 2870 841 2906 de Base Ball de la novena. Maco¬
116 2927 832 2966 ris entre los cuales figuran Colec¬
122 2981 838 3023 tiva y Guilfuchi, poderosos batea¬
119 3041 253 3080 dores.
