2479 3508
304 254 498 296 Página 5
2015 248 2271 281 Fémina
591 372 1931 417 Tristezas del "Crepúsculo"
453 523 2245 571 Al declinar el día, cuando el sol está en su Ocaso, mi alma sonadora, vuela
346 578 2242 621 hacia el espacio infinito, mas allá de las nubes, donde reina el Amor sublime e in¬
349 637 1271 677 mortal en su país ignorado y misterioso.
447 711 2242 750 Contemplo, con innitas amarguras mis suenos dorados, que cuando nina,
303 765 2006 808 coloque en la cima de una Torre muy ata, de un palacio de Hadas.
468 837 2239 883 Veo entonces, en esas horas tristes, esos sueños amorosos, derrumbarse á mis
352 897 1633 943 pies, y luego, lanzarse al olvido, esa tumba de las cosas.
456 966 2239 1018 Desde ese día espantoso, desde esa catastrote irremediable, mi alma doliente
355 1026 2242 1068 guarda el luto eterno de sus ilusiones muertas; y mi corazón encierra la herida in¬
358 1074 2248 1122 curable de una dicha imaginada, que un ser tan desgraciado como el mío, jamás
358 1136 692 1182 pudo alcanzar.
1659 1184 2143 1226 BEATRIZ DEL DANTE.
453 1240 746 1288 Boca Chica.
779 1416 1833 1461 Crepúsculo
495 1562 2245 1619 LA tarde es fresca. Una brisa suave reina hace rato en el ambiente; leve¬
462 1620 2248 1662 mente se balancean las ojillas de los árboles. Hay una de esas tranquili¬
323 1679 1534 1720 dades que vienen después de una intensa tormenta.
471 1744 2298 1804 .... Sólo se oye á ratos el lejano canto de los gallos y el agudo rebuznar de
358 1815 644 1858 un asno....
471 1882 2251 1931 Ahora, un niño que han castigado, entona con su llanto uniforme la caracte¬
361 1939 2254 1988 rística canción del desquite; esa letanía consoladora en que parece que se dice me¬
370 2004 865 2049 pegan, pues lloro....
480 2066 2257 2126 ....Después calla. Parece que le han consolado.... o le han amenazado
364 2129 859 2174 con el segundo tomo.
486 2196 2254 2260 .... El airecillo sigue batiendo serenamente.... Alla sobre unas lomas leja¬
370 2249 2254 2307 nas, cenizosas, se divisa un juego de colores maravillosos; uno de tantos paisajes
367 2303 2260 2358 naturales que nos hacen amar la vida, tan árida á veces.... Primero, una fuerte
373 2355 2263 2415 linea azul marino hace un horizonte; mas arriba, una ancha banda rojo-purpura te¬
370 2412 2266 2466 nida levemente á trechos por nubecillas azul panido.... A un lado, algunos trozos
379 2465 2260 2516 carmelitas afectando figuras quimericas; mas arriba se levanta en forma de arco
370 2518 2266 2570 otra nube de tinte indefinido.... Es azul, roja, verdosa.... ¡¡Que maravilla de
376 2584 644 2624 fusión!!....
486 2647 2274 2704 .... Y entonces, dan vida momentánea á tanta belleza, dos pajarillos que ve¬
370 2712 1540 2755 loces, orientan su vuelo rápido hacia las lomas....
483 2780 2313 2838 .... Ahora, la linea azul se va estumando; la nube rojo-purpura se tunde en el
382 2834 2277 2889 arco y aquellos colores magníficos emprenden una danza suave, con una lentitud
440 2883 2263 2936 cular, allí se van acoplando paulatinamente hasta que desaparecen.... La no¬
379 2937 2266 2994 che viene ya..... El vientecillo bate un tanto más fuerte.... A lo lejos, un asno
373 2991 2266 3045 rebuzna otra vez y la campana de la iglesia deja dir sus notas funerales, tocando á
376 3061 653 3103 oración....
1618 3094 2167 3142 EDMUNDO SAINT-DENíS.
489 3163 970 3203 San Cristóbal, 1922.
