2479 3508
143 196 414 248 Femina
1997 187 2200 236 Página 8
228 545 266 2575 De los encuentros del Domingo 20 de Mayo pdo. entre el "Macorís" y "Santiago"
1855 1590 1889 2733 Del izquierda a derecha.–Batería del "Santiago," Pit-
1919 1578 1954 2773 chers: Sijo, Pajarito, Felicito y Dico. –Catcher: Valerio.
1952 1574 1998 2781 Cuadro de jugadores de la potente novena "Macorís",
2004 1574 2038 2777 que el domingo 10 de Mayo pdo. midió sus fuerzas con
2061 1590 2103 2773 el no menos potente team "Santiago". –Wl Umpire Frey-
2093 1582 2127 2761 re declara safe en home al corredor Valerio del "Santia-
2146 1570 2176 2785 go", en el empate del 9o. inning. –Polanco, central field
1847 307 1885 1514 del "Santiago", desconectó un tree-bager de Santana,
1907 315 1937 1518 realizando una soberbia cogida y es felicitado con tal
1956 307 1990 1526 motivo por su Capitán Pedro Augusto. –En el centro;
2004 295 2038 1522 Santana, el terrible bateador del "Macorís", quien ese
2041 295 2091 1514 mismo día contactó un majaguazo por sobre el tablado,
2097 311 2127 1510 resultando el primer home run de la serie, es victoreado
2129 1052 2167 1526 por sus compañeros.
161 3087 1161 3121 Benito Mussolini concedió una audiencia á
119 3134 1152 3165 Regina Tersulza que que llevaba la representa
116 3179 1158 3213 ción de un comite del Congreso de la Ananza
113 3227 707 3264 internacional del Sufragio.
161 3275 1158 3309 Mussolini mostro interes por este asunto y di¬
534 2928 1836 2983 Mussolini y el Voto Femenino
1203 3088 2254 3127 jo que en su oportunidad buscara los medios
1215 3134 2257 3172 para que se acepten las demandas de las mujeres
1209 3184 1671 3217 sufragistas de Italia.
1501 3263 2215 3315 (De "Feminismo Internacional)
