2479 3508
310 237 519 274 Página 9
2039 222 2301 262 Fémina
686 360 1913 400 BODAS ELEGANTES.
412 558 1286 609 EN la noche del 2 del mes en curso
388 605 1292 644 El tuvo efecto el enlace nupcial de los
277 666 1289 706 distinguidos jóvenes de la alta sociedad de
274 720 1289 757 Macorís, Srta. Carmen Matilde Malen,
280 769 1283 811 flor de gracia y espiritualidad y el atento y
280 827 871 867 culto Sr. Juan V. Chalas.
382 875 1313 919 La ceremonia nupcial tuvo efecto en la atenciones halagadoras y sonrisas denuncia¬
277 936 1292 972 morada de los esposos Manensambert,
289 982 1298 1030 padres de la gentil desposada y fue sancio¬
277 1038 1304 1077 nada en nombre de la Ley por el Notario
274 1091 1292 1131 Ramón Soné Nolasco, y bendecido, por
283 1148 874 1185 Fray Venancio de Ecija.
397 1195 1295 1238 Una escogida concurrencia invadio los
292 1251 1295 1285 salones que estaban adornados con gusto y
280 1305 1307 1342 elegancia. Sentimos no poder disponer de
280 1356 1298 1390 espacio suficiente para citar á todas las per¬
280 1408 1295 1448 sonas que concurrieron a realzar con su pre¬
286 1461 1307 1504 sencia tan bello acto, en el que cada dama
280 1515 1298 1555 era una rosa y el conjunto de ellas un rosal
280 1569 1080 1609 saturado de perfumes y ambrosía.
388 1623 1304 1665 Fueron padrinos de este acto los Sres.
1343 553 2343 596 Manuel Mallen Ortiz y Luisa 1. de Mallen,
1337 603 2343 646 Fernando Chalas y Florentina Rodríguez
1346 652 2346 698 Vda. Chalas, Melitón Suazo y Panchita
1340 715 1746 758 Mallen de Suazo.
1439 757 2352 806 Profusión de flores, de preciados ob¬
1340 813 2358 856 sequios a los novios, que correspondían con¬
1313 865 2355 911 La ceremonia nupcial tuvo efecto en la atenciones halagadoras y sonrisas denuncia¬
1343 918 2346 967 doras de la alegría que sentían en sus cora¬
1337 972 2340 1021 zones. ¡Oh el amor! Siempre triunfal, siem¬
1349 1025 2364 1074 pre revoloteando al rededor de las almas.
1346 1081 2358 1130 ¡Como despierta en te la suprimidad de lo
1340 1139 1874 1178 indecible, de lo eterno!
1456 1185 2358 1227 Concluida la ceremonia, se retiro la
1343 1240 2358 1283 concurrencia saturada de inolvidables gratas
1343 1290 2352 1336 impresiones y haciendo votos por la mere¬
1343 1348 2074 1391 cida ventura de los desposados.
1489 1396 2358 1442 Fémina desea eterna dicha para el
1340 1452 2349 1492 nuevo paraiso que surge al calor y á la con¬
1349 1503 2361 1549 templación de dos almas que tienen el alma
1343 1566 1904 1603 templada para la virtud,
2095 1611 2301 1651 P. A. G.
585 1811 1259 1848 Barahona, 9 de Marzo 1928.
298 1892 910 1931 Srta. Petronila A. Gómez,
615 1947 1161 1984 San Pedro de Macoris.
283 2026 516 2069 Señorita:
391 2074 1306 2119 He leído con sumo gusto su revista "Fé
292 2124 1306 2173 mina y placeme muy mucho los trabajos
289 2186 1306 2225 en ela publicados y mas aun que estos, el
286 2237 1306 2270 fin que ena persigue, esto es, el progreso de
289 2294 785 2337 la mujer dominicana.
1468 1797 2358 1842 Ya es hora de que salgamos del indi¬
1352 1847 2355 1892 ferentismo en que nosotras mismas nos he¬
1349 1903 2367 1949 mos querido colocar; ya es hora de que la
1352 1954 2358 2003 mujer dominicana surja y se situe á la altu¬
1349 2011 2358 2057 ra de las mujeres de las demás naciones,
1306 2064 2361 2111 que alma, sentimiento e inteligencia no nos
1361 2124 1674 2161 han de faltar.
1456 2199 2263 2242 Muy cordialmente le saluda S. S.S.
1830 2279 2316 2319 MARIA DI SORRENTO.
367 2473 1200 2516 SOLUCION A LA CHARADA NO 10.
632 2548 928 2588 LECHOSA.
674 2617 1227 2657 BLANCA MARGOT LEONOR
507 2775 1065 2818 OTRA SOLUCION:
444 2852 907 2894 TRES PRIMERA el sol
429 2893 997 2935 de un PRIMA DOS de nubes
441 2944 922 2986 y radiante surge y sube:
435 2989 1062 3025 sus rayos sorprenden a Margo
435 3031 1015 3070 en un PRIMA DOS de rosas.
435 3076 997 3114 ¿Qué haces, pregunta Febo,
441 3120 997 3162 con quién sueñas tu, vestal?
480 3167 913 3205 No duermo, no sueño,
435 3214 940 3253 saboreo una total.—LUZ.
1492 2461 2063 2501 CHARADA NO. 11
1301 2535 1812 2571 Muy bella estaba TOTAL
1301 2577 1812 2613 sentada cerca del PRIMA
1307 2616 1791 2658 departiendo alegremente
1307 2669 1940 2702 con su amiga PRIMA CUARTA.
1310 2708 1788 2747 De momento se presenta
1304 2756 1859 2789 una DOS CUARTA furiosa.
1313 2801 1871 2846 y asustó a las dos hermosas;
1284 2841 1824 2890 pero entonces mi TOTAL,
1284 2853 1857 2925 a la intrusa logró espantar
1304 2929 1806 2965 arrojándole en venganza
1301 2977 1845 3010 un pedazo de PRIMA DOS.
1310 3022 1740 3061 El animal pues, huyó
1307 3067 1985 3103 y las niñas siquieron departiendo.
1316 3107 2015 3147 Perdón te pido, lectora, de por Dios,
1313 3156 1944 3199 porque este verso no haya podido
1941 3151 2271 3189 TERCIA PRIMA
2009 3194 2140 3231 LUZ.
