2479 3508
161 259 429 293 Femina
1925 247 2152 278 Pagina 10
407 440 1979 484 Por el Mundo Social.
173 725 1134 762 Porfirio Febles.—Este distinguido amigo y corres¬
134 774 1122 813 ponsal nterario de varios rotativos de la Repú¬
125 815 1122 848 blica, será el encargado de la recopilación de to¬
125 863 1131 899 dos los trabajos, datos históricos, fotografías,
128 905 1122 941 anuncios etc., de la edición especial que pensa¬
128 950 1131 983 mos dedicar en breve a la ciudad de La Romana.
128 995 1134 1025 Como esta será una edición de lujo, y por tanto
125 1036 1119 1069 costosa, de antemano esperamos que esa pobla¬
119 1081 1128 1114 ción sabrá ayudar al compañero, para que sea
134 1125 1122 1159 un completo éxito propagador de la cultura y
131 1174 647 1207 progreso de La Romana.
170 1265 1122 1296 Gratas visitas.—De paseo por los vergeles macori¬
128 1308 1131 1341 sanos estuvieron en días pasados las gentiles
128 1356 1128 1386 damitas capitaleñas, Carmen Marina y Pura
128 1395 1131 1425 Rodríguez, acompañadas de los esposos Mon¬
134 1439 1128 1472 talvo Rodríguez y sus dos simpáticos niños vir¬
128 1490 450 1523 gilito y Mireya.
176 1529 1131 1562 Que se repitan las excursiones de tan cultos
128 1568 1125 1601 viageros, deudos muy quectos de nuestra redac¬
125 1618 522 1655 tora Sra. de Frias.
170 1711 1125 1747 Flor que retorna á los prados. Procedente de la ve¬
134 1759 1134 1789 guada, su occidental residencia paso por estos
131 1801 1122 1831 carmenes la espiritual señorita de la alta socie¬
134 1845 698 1878 dad vegana Gloria Sanchez.
173 1890 1128 1926 Lamentamos lo breve de su estada en esta y
128 1932 1137 1965 le deseamos un grato retorno a los campos de
128 1977 620 2013 que es hoy galla y prez.
167 2075 1134 2105 Del amor.— Recientemente han celebrado com¬
137 2120 1137 2153 promiso en el hogar de nuestro compañero Don
125 2162 1131 2198 L S Bobea, su simpática y virtuosa nija Anita;
131 2201 1128 2237 vida de Izquierdo y el correcto Mr. Grover
125 2249 1122 2284 Cleveland Lambert, maquinista del vapor ame¬
134 2293 382 2326 ricano Inca.
179 2320 1134 2368 Fémina celebrara con placer el día venturo¬
128 2380 1146 2416 so en que esas dos almas creadas para el amor
125 2428 728 2464 se unan. Ojala sea mañana.
173 2522 1131 2556 Mes de Maria.—Con gran pompa y solemnidad se
125 2567 958 2601 celebraron las fiestas del mes de Maria.
173 2619 1128 2655 La pleyade infante concurrió al templo el ulti¬
131 2666 1119 2696 mo día del mes de Mayo, con flores a manos lle¬
131 2708 1113 2738 nas y con sus albos atavios, para obsequiar y
137 2752 1128 2789 coronar á la virgen de las virgenes, y entonar
128 2800 841 2834 cánticos de alabanzas en su honor.
173 2895 1125 2926 Conmemoración.—Nuestra Iglesia Católica se pre¬
131 2941 1128 2974 para para conmemorar el primer aniversario de
131 2980 1134 3016 la Coronación de Nuestra Señora de Altagracia.
176 3034 1137 3073 Con tal motivo, muchas personas de buena
131 3075 1128 3114 voluntad, que carecían del Album de la Corona¬
131 3122 1137 3153 ción, estan comprandolos con el doble y elevado
131 3168 1140 3201 fin de poseerlo y de contribuir así á reunir los
131 3215 1131 3246 fondos que se necesitan para la celebración del
1173 720 2191 762 primer aniversario del magno acontecimiento
1170 771 1379 804 religioso.
1218 860 2182 896 Agraciada.—En el sorteo de las soluciones a la
1176 905 2179 944 charada No. 10, publicada en nuestra edición
1173 950 2182 986 anterior, resulto agraciada la señorita Blanca
1179 989 2182 1031 Margo Leonor, de esta ciudad, á quien felicita¬
1176 1033 2170 1075 mos e invitamos a pasar por esta oficina á per¬
1173 1086 1695 1120 cibir su libro en premio.
1212 1177 2188 1216 Respetable nado.— Recientemente ha fallecido en
1173 1218 2182 1260 la Capital el honorable anciano Don Jesús Ma.
1176 1257 2185 1296 Troncoso, nombre de vida ejemplar y de alma
1179 1302 2182 1344 blanca y pura, templada á la contemplación de
1170 1353 2179 1389 las virtudes religiosas, tronco de distinguida
1173 1404 1564 1437 familia capitaleña.
1224 1439 2179 1478 Mientras envíamos nuestro pesame a sus
1173 1481 2176 1523 afligidos familiares, muy especialmente á los se-
1176 1526 2176 1568 ñores Licenciados proncoso de la Concha, roga¬
1179 1576 2146 1613 mos a Dios por el eterno descanso de su alma.
1241 1666 2173 1702 Fémina y su primer aniversario.—El día 15 del proxi¬
1176 1711 2185 1753 mo mes de Juno se cumple el primeraniversario
1176 1756 2179 1795 de haber visto la luz publica nuestra humilde
1182 1807 1558 1840 revista Fémina".
1218 1842 2185 1881 Con tal motivo, invitamos á nuestros colabora¬
1182 1887 2185 1926 dores y a las personas cuya pluma puede soste¬
1179 1932 2182 1974 nero aumentar el prestigio de que goza nuestra
1185 1974 2182 2013 revista, para que envien sus trabajos literarios
1176 2022 2185 2058 con anterioridad y contribuyan a presentar una
1176 2063 2185 2102 espléndida edición especial que nos proponemos
1176 2105 2176 2147 ofrecer al público, aumentada en páginas e ilus¬
1176 2153 2173 2192 traciones, y con un escogido material de lec¬
1179 2203 1286 2237 tura.
1227 2240 2188 2281 Aunque aceptaremos los trabajos, cualquiera
1176 2284 2188 2323 que sea el tema que adecuado a la indole de la
1185 2329 2188 2368 revista nuestros colaboradores escojan, sería
1176 2371 2182 2413 oportuno y les agradeceremos, sin que esto sea
1179 2418 2188 2455 una exigencia, que los temas versen sobre los
1176 2468 1785 2499 fines de nuestra publicación.
1224 2559 2185 2595 Curiosidades de la Historia.—Una apreciable dama de
1182 2601 2182 2640 Barabona nos envía para su publicación el cu¬
1185 2646 2185 2688 rioso trabajo de traducción cuyo título es el
1185 2695 1656 2732 mismo de esta crónica.
1224 2732 2185 2774 Aunque dicha dama nos ruega conservemos
1182 2777 2188 2819 la incógnita con el pseudónimo por ella adoptado
1182 2819 2188 2861 (María de Sorrento esperamos que amablemen¬
1179 2867 2185 2905 te de a conocer á nuestros lectores, su verdade¬
1188 2916 2185 2950 ro nombre, aunque siga presentando sus traba¬
1176 2964 1731 3001 jos con dicho pseudónimo.
1218 3037 2179 3070 Poeta guerrero R.—De regreso de La Romana, es¬
1176 3084 2188 3114 tuvo de paso en esta, partiendo enseguida para
1179 3126 2182 3159 la Cantal, nuestro muy querido amigo y colabo¬
1182 3168 1970 3204 rador el poeta Miguel A. Guerrero M.
1227 3215 1865 3249 Le saludamos afectuosamente.
