2479 3508
1985 176 2233 236 FEMINA
594 458 1737 551 Enrique Ripley
913 601 1585 673 Calle Separación 32.
719 712 1785 781 SANTO DOMINGO, R. D.
388 914 2134 980 ESTABLECIMEINTO DE NOVEDADES Y FANTASIAS
400 1088 1740 1160 Trajes para Señoras, Caballeros y Niños.
410 1192 2057 1263 Sombreros y gorras de todas clases para Hombres.
391 1300 2036 1369 Blusas y Faldas de última Novedad para Señoras.
394 1401 1122 1479 Cuellos, Corbatas, etc.
391 1506 1931 1581 Y todo lo concerniente al ramo de Mercancías.
507 2005 2057 2077 Clyde Santo Domingo Line.
388 2297 2212 2375 Vapores de pasajeros y carga en servicio regular entre
310 2408 2060 2486 los puertos de la República y el de New York, E.U.
397 2521 2215 2608 Vapores de carga para fletamentos ocasionales a tipos
313 2629 2227 2718 convencionales. Para informes de toda clase dirijase a la
707 2796 1854 2871 Oficina Central, 25 Broadway, NEW YORK.
480 2900 2068 2981 O a la Agencia General, 15—Colón—(altos), STO. DOMINGO.
632 3064 1244 3145 Direcciones Telegráficas:
1315 3062 1919 3104 DYCEL, New York.
1304 3109 2027 3148 CLYSANTO, Sto. Domingo.
