2479 3508
167 124 423 188 FEMINA
474 330 1901 402 M. ALFARO REYES & Co.
916 427 1477 494 APARTADO No. 40.
797 508 1579 575 San Pedro de Macorís, R. D.
259 678 1973 720 Grandes almacenes de terretería, quincallería y almacen de muebles.
262 736 1949 777 Material de construcción, artículos sanitarios, Pintura, Barnices.
277 786 2182 834 Valvulas, check, tornillos, remaches, Empaquetaduras, tubería, hierro, bron¬
203 848 1462 888 ce, inyectores y demas respuestos de maquinaria.
256 904 2119 940 Haga su pedido hoy mismo. Nuestros precios no admiten competencia.
468 1118 1949 1194 Rosendo Forteza
707 1241 1674 1319 Importador Almacenista.
641 1441 1776 1522 Ventas al por mayor y al detalle.
370 1558 1077 1636 Calle "27 de Febrero" No. 6.
1322 1561 2030 1636 San Pedro de Macorís, R. D.
659 2023 1728 2101 COLUMBUS STEAMSHIP CO. INC.
274 2342 2137 2390 Vapores de carga en servicio regular entre los puertos de la República y el
937 2399 1430 2447 de New York, U. S.
889 2470 1495 2537 Para informes diríjase a
1146 2579 1967 2648 FREDERIC SCHAD.
1179 2668 1952 2737 ACTING GENERAL AGENT.
262 2964 1188 3045 Calle San Francisco No. II.
256 3074 1030 3158 Santo Domingo, R. D.
