2479 3508
1764 56 2107 106 E
815 208 1618 273 ENINA
1588 289 1746 345 E
414 378 1976 431 REVISTA GALANTE Y DE INTERESES GENERALES.
832 495 1567 545 DIRECTORA ADMINISTRADORA:
728 564 1683 614 PETRONILA ANGELICA GOMEZ
1021 617 1382 667 Maestra Normal.
1035 737 1373 790 REDACTORES:
907 808 1501 870 V VALERA REYES.
298 862 2116 915 PETRONILA A. GOMEZ, CONSUELO MONTALVO DE FRIAS.
2065 987 2206 1040 No 4
821 993 1603 1046 San Pedro de Macorís gosto 31 de 1922
206 999 391 1064 año 1
555 1334 1851 1387 Plegaria á Maria, Reina de la Alagracia.
486 1537 2113 1596 N NTE tí, excelsa Reina de los Cielos, doblegamos la cabeza reve¬
513 1597 2110 1647 rentes y de hinojos adoramos tu augusta magen, coronada con
301 1650 1877 1709 la ofrenda de todo un pueblo, que te adora entusiasta y fervoroso.
462 1731 2107 1790 El dulce aliento de la Fé que nos inspiras, se esparce en nuestro am¬
301 1782 2104 1841 biente y se eleva en invisibles espirales como sube el Incienso hacia tu egre¬
301 1838 2110 1900 gio Trono; y á tí llega, como los cánticos de los querubes el rumor de las
307 1901 1176 1954 Plegarias, de los humanos corazones.
468 1970 2113 2032 Y pues eres raudal inagotable de consuelos, derrama el balsámico
298 2026 2119 2085 dulzor de tu purísima mirada sobre esa pálida Virgen ultrajada, que gime
304 2080 2119 2139 bajo el peso de la mas cruenta servidumbre; redimela que es nuestra patria
304 2128 2116 2196 sacrosanta: rompe las férreas cadenas que la sujetan al Yugo, arráncala de
310 2182 2119 2247 las garras del águila del Norte y sumérjela de nuevo en el Lecho glorioso
304 2241 1779 2303 que le dieron sus padres redentores. Sánchez, Duarte y Mella.
465 2319 2119 2378 Que torne á nuestro plúmbeo cielo el azul purísimo de sus días de Sol,
307 2367 2113 2441 y que vuelvan á sonreir nuestras auroras al beso del magno astro de la Li¬
304 2421 2119 2488 bertad, y entonarán un himno en tu alabanza, todas las naciones que, pues¬
304 2477 2122 2542 tas en el Supremo Hacedor sus esperanzas, aguardan con ansia el fausto día
304 2534 2122 2596 de la llegada de la Independencia de este querido terruño que te guarda en
304 2591 2119 2650 su seno como la Perla mas rica que hemos hallado en el mar de la existencia,
304 2636 2113 2703 el Oasis donde van á beber nuestras almas el precioso candal de las Virtu¬
304 2695 2125 2757 des que atesoras, en el manantial de Consuelo que nos brinda la calma y la
313 2749 1913 2820 paz en la alta hora de las grandes desdichas y las nobles decisiones.
468 2842 824 2892 AVE REINA.
1579 2916 2003 2969 MAGNOLIA.
