2479 3508
208 86 477 145 Fémina
2063 41 2239 94 Pgina 2
809 235 1668 288 Voces de Alento.
379 817 791 870 S. P. de Macorís.
265 922 800 984 Muy estimada amiga:
376 993 2236 1091 Le estoy altamente agradecido de la remisión de los dos primeros números
268 1044 2233 1142 de su bella revista Fémina, en la que usted inteligentemente trata, con la coo¬
283 1101 2239 1199 peración de sus compañeros de Redacción, de imprimir personalidad á la mujer
283 1158 2230 1252 dominicana en las letras nacionales. Su labor es bien plausible y ojalá que,
274 1208 2236 1306 ayudada por el comercio, cuyos auxilios son en esos casos indispensables, usted
289 1268 2045 1363 pueda asegurar la estabilidad de una publicación que hace honor al país.
391 1340 2239 1438 Correspondiendo á sus deseos, los que satisfago del mejor buen grado, ad¬
283 1397 2239 1500 junto le remito un pequeño trabajo para ser publicado cuando y como lo juzgue
283 1453 2242 1545 conveniente, con la promesa de enviarle mas tarde otros de mayor valor, si es
283 1537 1059 1602 que mis producciones lo tienen.
394 1591 2245 1682 La felicito con entusiasmo por su vocación á las letras y por su empeño de
256 611 970 670 Señorita Petronila A. Gómez,
271 713 847 766 Directora de "Fémina,
289 1680 677 1736 ser útil al país.
397 1764 982 1817 Sinceramente le saluda,
1224 468 2101 542 Santo Domingo, Agosto 23 de 1922.
1642 2229 2233 2291 Ala Srta. Petronila Gómez.
1689 2289 2185 2345 Directora de Fémina.
409 2397 2263 2480 Después de tantos esfuerzos, el triunfo ha venido á premiar á la Sta. Gómez
307 2444 2263 2545 con la inmensa satisfacción de ver su obra bien acojida en todos los hogares
307 2540 635 2599 dominicanos.
414 2582 2263 2677 La Revista "Fémina la cual ha venido á poner en alto el nombre de la mu¬
316 2638 2263 2733 jer dominicana, viene á ser como una fuente de virtudes y de manifestaciones
316 2701 2128 2784 relevantes, que merecen los mas sinceros parabienes de propios y extraños.
417 2776 2266 2868 Con este motivo, yo la felicito; á la vez que hago votos porque su obra sien¬
316 2830 2271 2921 pre marche adelante y no encuentre obstáculos en su camino de triunfo y de
1388 2991 2230 3056 Mercedes N. de Frómeta.
1606 3080 2015 3133 Santo Demingo.
