2479 3508
262 35 531 88 Fémina
2089 23 2292 76 Página 4
626 149 1940 205 Discurso de Bienvenida
217 253 2346 318 Pronunciado ante el Delegado Apostólico, por el Rdo. P. Venancio de Ecia, Misionero Capuchino y Cura
343 307 2224 372 de la Parroquia de San Pedro de Macorís, el día y de Agosto de 1922, con motivo de la solemne
677 372 1892 431 y canónica Coronación de Nuestra Señora de la Altagracia.
223 567 1131 620 Excmo. Sr. Delegado de Su Santidad:
283 668 1259 727 Al entreabrir mis labios y pronunciar e¬
229 728 1256 781 mocionado mi tosca palabra en estos mo¬
232 784 1262 834 mentos de júbilo intenso y profundo en la
226 832 1256 888 historia de este pueblo hidalgo por exce¬
226 886 1256 942 lencia, todo él, conmovido hoy, en alas de
226 943 1256 996 su fé y de su amor, hácia la que es Madre,
229 996 1256 1052 Señora, Reina y Soberana de su corazón,
232 1050 1259 1106 Nuestra Señora de la Altagracia, bien
229 1107 1262 1160 quisiera hoy, con mayor empeño que en
226 1214 1259 1267 llar mis labios con las ardorosas lágrimas.
229 1265 1259 1324 que á torrente, brotan de lo hondo del co¬
235 1325 382 1378 razón.
277 1402 1256 1455 Levanto los ojos, Excmo. Sr., y, en torno
226 1456 1253 1509 mío, contemplo asombrado y casi extático.
229 1507 1259 1566 la ingente masa de todo un pueblo creven¬
226 1561 1259 1617 te, cuyo corazón palpita de manera inusi¬
226 1617 1250 1670 tada, porque adora y ama: adora á su Vir¬
229 1674 1256 1733 gen, Madre de Dios. Reina y Soberana de
226 1728 1253 1781 la Altagracia, y ama con acendrado verda¬
229 1782 1256 1835 derísimo amer á V. Excia, que ha de ceñir
232 1835 1250 1888 con áurea corona, la frente augusta de su¬
220 1892 973 1942 Madre y Sra de la Altagracia.
289 1955 1250 2011 Hay, sin embargo, Excmo. Sr. otro moti¬
226 2056 1256 2118 y dulces palpitaciones, el corazón del pue¬
226 2119 618 2172 blo macorisano:
217 2241 1253 2294 es. Excmo. Sr. el pueblo macorisano, insen¬
232 2349 1259 2408 glorias pretéritas de la eterna Ciudad do¬
235 2403 1253 2459 minadora del mundo entero; hoy, como
229 1155 1262 1214 otras ocasiones, enmudecer del todo, y se¬
226 2012 1262 2068 vo asaz poderoso que hace latir con rítmica,
289 2188 1268 2241 Roma, la Ciudad Eterna!.... No. no
259 2291 1262 2351 ible ni mucho menos indiferente á las
232 2459 1262 2512 aver, admira este pueblo amasado con san¬
232 2510 1262 2569 gre española, y fundido en el crisol divino
226 2561 1256 2620 de la Cruz de Cristo Jesús, la Roma engen¬
229 2618 1259 2674 dradora y maestra de los Gracos, Cicerón
242 2672 1262 2736 y Escévolas: Salustio. Tito Livio y Tácito;
238 2725 1253 2784 Virgilic. Horacio y Ovidio.... La Roma¬
229 2785 1259 2838 de los Cónsules, Reves y Emperadores; la
226 2839 1262 2894 de los tribunos, pretores y jurisconsultos;
226 2892 1259 2948 la del Foro. Coliseo y Termas: Duomos,
229 2946 1262 3002 Baptisterios y Camposantos.... La Roma¬
229 3000 1256 3056 de Rafael y Miguel Angel, Dante, Petrar¬
229 3056 1259 3109 ca, Ariosto y Tasso de Fra Angélico Vinci¬
1320 562 2334 617 y el Tiziano; de Pallestrina, Donizetti y
1313 611 2337 667 Verdi; de Galileo. Vico y Taparelli; pero,
1313 668 2337 721 Excmo. Sr. con admirar este pueblo tan¬
1304 719 2337 778 soberana grandeza, nada de esto le con¬
1310 773 2337 831 mueve en el día hoy; si solo, la Roma, ge¬
1301 829 2331 885 nerosa madre, asiento y trono del Pescador
1301 883 2337 936 de Galilea, la Roma de Simón Pedro, de
1310 934 2337 990 San León, San Gregorio, de Inocencio III.
1310 993 2340 1049 Bonifacio VIII; la Roma de Pío VII. de
1301 1053 2337 1103 Pio I. León XIII. Pio X. Benedicto XIV.
1310 1107 2337 1160 y sobre todo, en estos instantes preciosos,
1304 1152 2331 1208 lo que conmueve á este pueblo, es la gran¬
1310 1208 2343 1264 diosa figura del Vicario de Cristo Jesús
1301 1265 2340 1315 sobre la tierra, sobre cuyos hombros el hijo
1301 1316 2331 1369 de la Virgen que ha de corronar V. E. den¬
1304 1370 2340 1423 tro de pocos días, edificó su Iglesia, esa
1307 1423 2331 1479 angusta cátedra donde reside la dulce ma¬
1313 1477 2334 1542 jestad del Pontífice reinante Pío I. des¬
1316 1531 2334 1593 pués de haber escuchado de los labios de
1310 1588 2337 1644 Jesus esta frase creadora y dulcísima: Pío
1310 1644 2334 1700 I Apacienta mis corderos, apacienta
1301 1701 1600 1751 mis ovejas.
1361 1752 2337 1802 Pero, Excio. Sr., el Papa Pío XI. está
1310 1806 2346 1856 allí..... en Roma....; y desde la eterna.
1313 1859 2340 1912 Ciudad en donde vive, desde aquella roca
1313 1913 2337 1966 secular y tan vanamente combatida del
1313 1967 2340 2023 Vaticano, rige y gobierna con luz increada
1310 2023 2337 2073 los destinos espirituales del mundo católi¬
1310 2077 2337 2130 co; pero desde el Vaticano, el Rey-Pontífice
1301 2131 2340 2184 de triple corrona, el Santo Padre, el Doctor
1316 2188 2343 2238 Universal, el Papa Pío XI, clava sonriente
1313 2241 2343 2294 un día su dulce paternal mirada sobre este
1316 2295 2337 2348 pueblo que os contempla con amor, y des¬
1301 2349 2340 2402 de allí...., desde el Vaticano, desde el
1313 2400 2334 2456 trono de Pedro, entreabre sus brazos, abra¬
1301 2456 2340 2509 za al pueblo dominicano, estampa en su
1304 2513 2337 2566 frente abatida augusto beso...... y buscan¬
1301 2567 2340 2620 do algo en torno suyo, encuentra á V. E.
1307 2624 2343 2674 tan semejante á Su Sagrada Persona, que
1301 2674 2340 2727 alborozado y extático de amor por este
1310 2731 2337 2781 pueblo exclama sonriente: "Excelencia;
1313 2785 2340 2835 Vaya á Santo Domingo: apacienta mis
1307 2836 2340 2889 corderos, apacienta mis ovejas; ciñe con
1301 2892 2337 2942 aurea corona, orlada de preciosas marga¬
1307 2946 2343 2999 ritas la frente augusta de Nuestra Madre
1307 3006 2346 3056 y Señora de la Altagracia, para que Ella
1313 3056 2334 3112 y solo Ella, sea por siempre la Reina So¬
