2479 3508
206 62 409 112 Página
1961 68 2242 124 Fémina¬
170 2441 940 2494 berana del pueblo dominicano
220 2516 1197 2572 Y este pueblo macorisano, que ha teni¬
170 2573 1194 2629 do la dicha de contemplar en V. E. la au¬
167 2630 1203 2686 gusta figura del Pont, reinante, al Papa¬
1012 2677 1191 2733 Virgen
173 2683 985 2733 Pio XI que viene á coronar á Su¬
173 2737 1197 2787 Madre y Señora de la Altagracia, cae de
170 2791 1197 2844 rodillas ante el Delegado Pontificio y se
170 2844 1191 2897 desborda el entusiasmo, y crece la alegría,
186 2898 1191 2952 y se inunda de júbilo ante tan fausto acon¬
176 2955 450 3011 tecimiento.
220 3033 1206 3086 Y mientras este día llega, Exmo Sr. mien¬
167 3083 1203 3142 tras el pueblo dominicano se apresta á cele¬
1250 2435 2271 2491 brarlo con esplendor e inefable alegría, con
1241 2492 2269 2542 amor ferviente y fé viva en nombre de Mon
1241 2546 2269 2599 señor Nouel, nuestro dignísimo Arzobispo,
1241 2594 2269 2650 del Iltmo. Gobernador Eclesiástico del Cle¬
1247 2650 2263 2703 ro Secular y Regular; en nombre del nume¬
1241 2707 2269 2757 rosísimo pueblo macorisano, mi grey ama¬
1241 2761 2271 2811 da, que rodea á V. E.; en nombre del pue¬
1247 2812 2266 2865 blo dominicano que cree en su Virgen,
1247 2868 2274 2918 Madre y Señora y la am acomo Reina; en
1241 2922 2269 2975 nombre de los Misioneros Capuchinos que
1244 2976 2274 3032 apacientan con amor y celo apostólico la
1241 3030 2271 3089 grey dominicana reciba V. E. el homenaje
1241 3083 2188 3136 de la mas sincera y cordial bienvenida.
803 190 1391 255 oces del Camino.
755 313 1167 369 Iba cansada y sola
761 361 1203 417 y siempre sonadora:
615 405 1295 458 leno de laxitud el débil cuerpo
623 456 1331 509 por la fatiga del camino, y llenos
758 498 1200 551 los los de misterio.
758 570 1122 620 Aveces, parecía
767 614 1259 670 la senda indefinida
626 659 1453 715 Lenta, oscura lejana, muy lejana.
629 707 1394 757 Una serpiente inmóvil, y enros cada
758 749 1146 802 la veces selejaba!
761 817 1185 873 Pródiga primavera
758 865 1331 921 me dió sus galas bellas.
618 910 1406 963 Y fué un triunfo de rosas y de soles
620 952 1409 1008 al que puso en la vida con sus dones.
635 1002 1340 1055 y la gama triunfal de sus colores
752 1068 1170 1124 Iba cansada y sola
758 1113 1265 1175 y siembre sonadora
623 1164 1301 1220 Mis ojos escrutaban lo infinito.
620 1208 1403 1261 cuando vieron, de pronto, mi camino
623 1256 1370 1312 y otro camino en un paraje unidos,
758 1328 1262 1378 Inolvidable encuentro!
758 1370 1218 1426 Milagroso momento
618 1414 1385 1473 en que diste reposo a mi cansancio,
626 1450 1489 1515 en que en mis labios jóvenes y francos
623 1504 1382 1560 almaste los ardores de tus labios.
758 1576 1230 1632 Fué entonces el idilio
770 1623 1283 1679 portentos y magnifico.
623 1671 1346 1724 La clave del misterio, descifrada.
629 1713 1394 1769 y bajo el palio de la noche hermana,
623 1761 1358 1814 la comunión perfecta de las almas?
755 1889 1370 1945 Hoy.... Mas cansada y sola
758 1940 1218 1993 y menos sonadora
629 1979 1498 2038 Hoy un temblor de llanto en las pupilas.
620 2023 1340 2082 el alma rota para siempre herida,
629 2068 1522 2127 y una mueca en los labios ila sonrisa!
895 2176 1513 2226 MARIBLANCA SABAS ALOMA.
623 2274 1018 2327 Santiago de Cuba.
