2479 3508
232 74 507 124 Fémina
2048 50 2263 103 Página 6
1047 328 1430 381 Maria.
1140 396 1289 452 E
1146 492 1770 548 Primer Premio en el Certamen
1295 546 1633 602 Pro Corronación.
731 653 1498 709 Maravillosa y singular criatura
728 710 1480 760 del divino ideal sublime alteza,
728 767 1603 817 sólo á Dios inferior en tu grandeza,
734 817 1546 870 oh, madre virginal, toda dulzura!
731 898 1686 954 Mas que todo lo blanco es tu blancura;
728 952 1588 1005 mas que todo lo bello es tu belleza;
734 1005 1573 1061 mas que todo lo puro es tu pureza;
734 1059 1743 1115 mas que todo lo hermoso es tu hermosura.
743 1137 1576 1193 Virgen excelsa, madre inmaculada,
731 1196 1546 1249 ave mística y flor de la inocencia,
731 1250 1492 1306 a cuya sola invocación sagrada
728 1328 1704 1384 derrama el cielo amor, paz y clemencia:
731 1382 1543 1441 Préstale auxilio á tu grey amada!
737 1435 1725 1494 Dá á tu pueblo infeliz la independencia!
1095 1522 1728 1581 TRINA MOYA DE VAZQUEZ.
824 1838 1707 1897 ater Purisima
1286 1988 1833 2041 A Fray Juanito de trera.
734 2086 1848 2139 El monje cuyas eran las barbas blanquecinas,
620 2137 1788 2193 triste, como un moderno Francisco de Asís, dijo
626 2191 1785 2247 mientras sus apostólicas manos sobre las ruinas
626 2250 1609 2303 terrenales alzaron su viejo Cruccifijo.
734 2325 1645 2381 Para llegar á tí, para que los trigales
626 2382 1618 2435 del verso tengan toda la pureza del trigo
629 2435 1740 2488 del Señor, la pureza con que calmar los males
632 2495 1701 2548 que prodiga el pecado y soporta el mendigo,
743 2570 1779 2629 Los Santos Evangelios y el Crucifijo santo
632 2624 1713 2680 te dirán como tiemblo hilvanando con llanto
635 2686 1686 2736 la mística alabanza de ternura y de luz.
740 2758 1889 2817 Y no habló mas el monje De sus nublados ojos
632 2818 1653 2868 rodó el sacro poema, y cayendo de hinojos
632 2874 1570 2924 hizo pausadamente la señal de la cruz!
1462 2961 1833 3011 Armando OSCAR.
