2479 3508
229 74 501 130 Femina
2083 47 2286 97 Página 3
1334 232 1937 288 la LININ.
585 245 1271 297 La medio 1
211 880 1250 939 Verdad, Jesús de Galilea, de cuyas manos
206 934 1253 999 taumaturgas cayó entre la música celeste
203 987 1244 1049 de las parábolas y el bálsamo supremo de
203 1047 1250 1106 los milagros, en el corazón de las multitu¬
206 1107 1218 1163 des, la simiente transformadora del amor,
262 1185 1224 1241 Es él, el primero entre los libertadores.
268 1268 1250 1327 Frente al signo angustioso del futuro,
211 1316 1256 1387 que flajela hasta á los mismos semidioses
208 1376 1253 1435 de la libertad con el ansia cruenta de la
208 1429 1244 1491 consolidación de sus obras, él puede excla¬
208 1480 1247 1548 mar, abriendo los brazos—señeras de reje¬
761 1522 832 1578 N
214 1543 1256 1602 neración y de armonía: "Yo soy el camino,
214 1608 815 1658 la verdad y la vida.
271 1674 1253 1736 Y de los panales inagotables del Evan¬
217 1731 1259 1802 jelio—rítmico latido de la Palabra que no
217 1788 1259 1850 acaba—fluve la miel que embriaga el alma
217 1838 1262 1900 de Judith, la vindicadora y pone en los
217 1892 1262 1957 ojos de Juana, las visiones enardecientes
214 1949 1262 2017 que la hacen cruzar, como la mas hermosa
217 2003 1265 2065 encarnación de la victoria, por las campi¬
217 2068 862 2124 ñas invadidas de la Galia.
271 2137 1265 2211 No es, pués, harto elocuente y significa¬
220 2197 1265 2259 tivo, que se asocie á la fecha inmortal, de
223 2250 1271 2309 Capotillo, un grandioso suceso de la reli¬
226 2316 794 2372 gión del Nazareno!....
277 2397 1277 2450 La glorificación de la Madre Augusta,
223 2447 1277 2503 del lirio impoluto de Galilea, de la llama
226 2504 1271 2563 purificadora desprendida á la hoguera del
229 2555 1277 2617 rey profeta, no es escuetamente, el home¬
232 2615 1265 2671 naje que el poder efímero de los hombres,
232 2662 1277 2724 trasponiendo distancias, rinde á la pía ge¬
226 2725 1277 2781 nitora del Redentor; es mucho mas, es la
232 2782 1283 2838 consagración de la libertad de un pueblo,
1346 1268 2343 1339 A Pelayo, el abuelo glorioso que arran¬
1304 1331 2349 1393 cara á la agria altivez de las montañas,
1301 1385 2349 1449 forjadores de libertad, fue la Madre del
1304 1435 2355 1506 Rabí, del blondo Jesús, desde la gruta de
1301 1495 2349 1557 Covadonga, el impulso que le endureciera
1307 1546 2349 1614 el brazo, le iluminara la mente y agiganta¬
1301 1620 1653 1670 ra el corazón.
1364 1686 2361 1757 ¡Que sea la Virgen de la Altagracia, la
1310 1740 2358 1811 fuerza incontenible, que eleve el alma del
1313 1794 2361 1864 pueblo dominicano por sobre el tumulto
1310 1850 2361 1921 salvaje de las pasiones, y dé consistencia á
1316 1910 2358 1972 los que tienen la obligación de dirijir y á
1307 1961 2361 2029 los que tienen el deber de obedecer, para
1316 2020 2346 2082 que no pueda decir la Patria, atribulada y
1313 2074 2364 2133 santa, como Jesús de Nazareth al Pescador:
1331 2128 2086 2184 Pedro, me negarás tres veces
1295 450 2337 521 que nunca supo escatimar vidas ni esfuer¬
1289 504 2328 575 zos, por morar libre, soberano, indepen¬
1292 564 2343 628 diente, bajo el claro ciello del trópico y la
1295 614 2337 685 bendición milagrosa del sol; al amparo de
1295 668 2331 739 su enseña en la cual, como oasis de ventu¬
1298 722 2328 793 ras y acicate de estímulo se eterniza, el sig¬
1298 787 2328 849 no del Calvario, símbolo á la par, de paz y
1298 850 1540 903 sacrificio!
1355 913 2337 987 El 16 de Agosto de 183 y el 16 de A¬
1599 970 2343 1030 2, al través de los tiempos, de
1310 981 1551 1046 yosto de 1
1304 1026 2337 1097 los obstáculos, de las debilidades y de las
1295 1083 2334 1148 acechanzas definen y completan la volun¬
1298 1131 2346 1202 tad inquebrantable de un pueblo y el or¬
1295 1205 1859 1264 gullo de una raza!....
1818 2215 2352 2276 ...
1319 2226 1776 2279 ...
1361 2322 2361 2390 ¡Madre de la Altagracia, remanso de a¬
1316 2373 2361 2444 mor y fuente de consuelo para cuantos
1319 2435 2367 2494 vienen á tí, presos de angustia y de dolor,
1319 2486 2364 2554 mantén vivo en el corazón de los dominica¬
1322 2540 2382 2608 nos el ansia de la libertad y la gracia de
1319 2600 2367 2659 la abnegación, para que no sea en el ma¬
1322 2653 2364 2718 ñana una irrisión y un escarnio los simbó¬
1313 2704 2370 2772 licos colores de la bandera, que son tam¬
1325 2767 2289 2826 bien los colores de tu manto.—A. R. L.
