2479 3508
197 80 397 136 Página 2
1967 95 2236 154 Fémina
462 289 2044 354 el o
206 453 406 506 Y asó....
200 943 537 996 Llegada de la Virgen.
214 1023 1182 1079 En la tarde del 18 de Agosto, con moti¬
164 1074 1188 1133 vo de la llegada de la Virgen de Altagra¬
161 1131 1194 1187 cia, una verdadera ola humana invadió la
164 1182 1194 1241 carretera del iugenio Cristóbal Colón. Ja¬
161 1238 1188 1294 más se había visto en esta ciudad un nú¬
164 1292 1191 1348 mero tan considerable de almas en aconte¬
158 1349 1179 1405 cimiento alguno. Esto denota el gran fer¬
167 1397 1191 1455 yor que siente este pueblo por tan venera¬
158 1456 444 1512 da imagen.
200 1546 346 1596 Milagros.
220 534 1197 587 Mezclado con el alborozo de la grandiosa
161 584 1200 643 festividad de la canónica coronación de
167 641 1197 697 Nuestra Señora de Altagracia, el magno
155 692 1197 751 día del aniversario de nuestra Restaura¬
161 746 1197 805 ción Política, pasó, no sin recordar á aque¬
161 805 1194 858 llos héroes que levantaron en Capotillo el
164 865 1194 918 pendón de nuestra segunda independencia.
214 1620 1197 1673 Como para demostrar su poderío y mise-
155 1677 1194 1730 ricordia para con sus hijos, ha realizado á
161 1728 1194 1784 su paso por esta región, la milagrosa Vir¬
158 1787 1133 1841 gen, luminosos acontecimientos que arr
161 1835 1200 1894 gan nuestra fe y levantan con fervor cató¬
155 1895 835 1948 lico los corazones escénticos.
217 1952 1206 2002 Entre otros, se destaca el acaecido en la
164 2009 1191 2059 persona de Elio Contín, en Hato Mayor,
158 2056 1188 2112 quien hacía tiempo se encontraba paralíti¬
158 2113 1194 2166 co y la Virgen le devolvió completamente
158 2164 618 2220 su actividad física.
200 2253 379 2303 Bienvenida.
208 2331 1185 2381 Después de breves días de ausencia se
158 2379 1191 2438 encuentra de nuevo entre nosotros, nues¬
155 2438 1191 2494 tra luchadora e inteligente Directora,
152 2495 1194 2545 quien ha recogido muy gratas impresiones
152 2549 1185 2602 en la ciudad Capital, trayendo consigo in¬
164 2606 1140 2659 portantes datos acerca de la Corronación.
191 2680 528 2736 llegada de Redactor.
206 2755 1188 2811 Ha regresado a ésta, de su viaje á la Ca¬
170 2809 1194 2862 pital el señor Vetilio Valera R. Redactor
149 2859 477 2921 de "Fémina.
208 2922 558 2975 Le saludamos.
197 3000 349 3050 Azahares.
206 3068 1185 3127 Se han unido en esta ciudad con los la¬
143 3128 1182 3181 zos de Himeneo, nuestros apreciados ami¬
1241 516 2274 581 dulce y simpática Señorita Melaní Winter
1295 575 1710 631 Que sean felices.
1286 659 1436 712 Oísculo.
1295 734 2269 796 Con atenta dedicatoria hemos recibido
1241 790 2266 849 un opúsculo intitulado Movimiento Pos¬
1241 844 2271 906 tumista, en el cual, un grupo de jóvenes,
1241 901 2266 957 amantes de las letras, imprime con ideas
1241 952 2269 1014 originales, un nuevo giro á la literatura
1241 1008 1465 1058 moderna.
1295 1062 2271 1121 Gracias mil por el envío, y deseamos
1241 1116 2033 1178 mucha luz para esa nueva senda.
1277 1208 1585 1258 Hogar de placemes.
1289 1283 2277 1342 Alegra el hogar de los esposos Mejía de
1236 474 2274 524 gos Don José E Fernández (Tasito, y la
1236 1340 2271 1393 la Rocha, el advenimiento de su primogé¬
1241 1394 1788 1449 nita, en recientes días.
1295 1447 2271 1509 Nuestra enhorabuena á los felices pa¬
1238 1498 1364 1554 dres.
1277 1591 1606 1644 Bodas en Ne York.
1292 1665 2266 1727 Han celebrado nupcias en la populosa
1241 1722 2266 1781 ciudad de New York, el Señor Manuel Es¬
1241 1773 2274 1832 carramán, de esta ciudad, y la encantadora
1244 1832 2263 1891 Sra. Julita Mejía, de la Cap tal, a
1244 1889 2269 1945 quienes deseamos una eterna luna de miel.
1277 1973 1462 2023 Bienvenida.
1286 2047 2257 2106 Damos la bienvenida á todos los que re¬
1238 2110 2263 2163 gresan de presenciar la festividad católica
1238 2158 2254 2217 recien celebrada en la ciudad Capital, y
1236 2212 2257 2268 muy especialmente á nuestra querida cola¬
1241 2268 2179 2321 boradora Doña María Luisa de Canino.
1274 2355 1570 2405 Muerte de Fedora.
1283 2430 2263 2485 Recientemente ha rendido la jornada de
1236 2480 2263 2536 la vida, en New York, la jóven Fedora Pe¬
1236 2534 2266 2590 llerano, flor temprana del jardín capitale¬
1233 2591 2260 2644 ño, hija amantísima de Don Arturo Pelle¬
1236 2647 2257 2700 rano Alfau, Director de nuestro distingui¬
1233 2701 1859 2751 do colega Listin Diario.
1283 2749 2263 2811 Presentamos vuestra sincera condolencia.
1271 2833 1662 2883 Lamentable fallecimiento.
1283 2901 2257 2960 Casi repentinamente, ha fallecido en es¬
1233 2961 2254 3014 ta ciudad el apreciado joven Lorenzo Bo¬
1233 3012 2257 3068 bea, miembro de la estimada Bobea Monte¬
1238 3071 1719 3124 ro, de esta sociedad.
1286 3128 2260 3178 Nuestro pésame sincero á sus familiares,
