2479 3508
456 477 955 527 HERALDO DE LA MUJER.
1361 313 1874 363 2
561 737 1898 790 AL
561 880 1970 936 Debido al gran éxito que hemos alcanzado con nuestra Pomada Cutánea BELITA
564 919 1976 972 la cuna con de las puras y manenas de un han emperado va a lamente al
561 952 1970 1008 mercado muenas un ración me de muestro prospero con sombres mas o menos
564 990 1970 1043 quesenvos, pues en berano de nuestra unerosa cuen ella nos apresuramos ad¬
567 1023 1773 1079 este mue no acepre bajo sinen concente para pros de muestra
558 802 1967 864 DE INTERES PARA EL BELLO SEXO.
1307 1074 1409 1133 ra
1349 1086 1842 1166 ELITA"
698 1110 1221 1166 PONADA
561 1167 1973 1220 pues de seguro no obtendrán el resultado satisfactorio que obtienen con la nuestra
561 1202 1967 1252 Ruenas CRENAS cartas en a los ingrerentes que engran ener la pre¬
558 1238 1973 1291 CON CEN LA MELLos en el capre los cuales como es muya abio acan
564 1277 1131 1330 notablemente en tostro emenino.
662 1334 1874 1387 Si su farme céntico no tiene la Pomada RELITA pidala directamente a
558 1426 1967 1479 Juana Diaz Drug Co.
812 1507 1719 1557 Juana Diaz, Puerto Rico.
773 1862 1773 1921 SUULO FOU ANIILIPATE A CHANGE
665 1937 1874 1993 in vor drustorre connectionsor desire aditional facilities
612 2059 1928 2109 THE AMERICAN PHARMACY
967 2128 1558 2184 on NOYA HERNANDEZ ST.
850 2215 1686 2271 Invites yo to become one ofits patrons.
644 2301 1892 2351 Situated in the hearto the cito, managed by the mostexperte
570 2340 1979 2399 pharmacistar tilis districa ana usingonl best rugs obtainable, chis
564 2388 1982 2438 Pharmacis special frtea to fil vonr prescriptions, or plien ve mate
1146 2427 1394 2482 aspecialir.
919 2534 1612 2584 ISERN a BENITEZ
650 2674 928 2727 AME
961 2674 1430 2733 BELL
1462 2677 1901 2727 CAS
1092 3089 1444 3142 untamiento de Madrid
