2479 3508
626 683 1821 733 Ua fácilmente puede hornear en su casa
946 752 1504 802 con el auxilio de la
558 889 1883 951 LEPARA HIN FORFORAL
680 970 1770 1023 La famosa Royal Baking Pouder americana.
576 1023 1874 1076 Una preparación de levadura perfecta para hacer tortas, bizcochos, panecillos,
579 1059 1128 1118 pan derreres misma y enos.
585 1101 1886 1151 uno de los muchos pasteles que se pueden hacer con su ayuda se indica con
573 1140 907 1193 la senen mue¬
835 1191 1624 1241 PASTEL ENUELTO CON JALEA
1218 1226 1334 1276 Tusto
704 1229 937 1279 raza de ancar.
707 1256 961 1309 mas nina
1218 1256 1659 1306 encaradas de agua caliente
701 1286 1439 1339 A E RONAL BARIN PONDER
662 1328 1791 1378 nerlenes y egrane los ingredientes seos remecalos con el huero bien
662 1355 1779 1411 para serenerar los sienten marse aga que que en geoy
665 1382 1791 1441 Pan sus sala me ban aparesara murea no pues mas
662 1414 1782 1467 mana de esampara me muesa enen me mano pensan en un
659 1441 1788 1494 para no de ser sacuena una ena mura de paber maen ber en
665 1471 1788 1521 bompran car un ser esos en en las enenos ves, la mu¬
662 1498 1788 1554 una en menen en esta caron las una generala mue¬
662 1528 1791 1587 de prepara meno la para, al de las para mullas sus mal mejo¬
662 1561 1800 1614 seno para que hacer de la empramente mendo superan en
662 1594 1212 1647 peso y empo musa parte mue¬
576 1725 1027 1775 El Manual Roval del
573 1776 1032 1826 Panadero y Pastellero,
585 1823 1030 1873 conteniendo muchas
579 1871 1032 1924 otras recetas se envia¬
579 1925 1027 1975 rá por correo gratis a
579 1973 1027 2026 toda persona que nos
579 2023 1021 2073 mande su nombre y
582 2074 776 2124 dirección.
1433 1719 1880 1772 La bodega donde Ua.
1436 1770 1883 1823 compra debe tener la
1439 1820 1880 1870 levadura en polvo
1439 1868 1883 1921 Royal. Si no es así.
1439 1919 1883 1972 escribanos y le diremos
1439 1967 1877 2023 donde puede conse¬
1442 2020 1573 2079 guirla.
710 2218 1719 2276 ROYAL BARING PONDER CO. New York, U. S. A.
1727 2383 1732 2515 —
1833 2512 1840 2641 —
1341 2640 1341 2690 —
1522 2691 1532 2835 —
1035 3098 1453 3151 Ayuntamiento de Madrid
1534 480 2054 536 HERALDO DE LA MUJER.
