2479 3508
1558 477 2068 530 HERALDO DE LA MUJER.
1274 638 1695 691 Portada
815 638 1233 688 Nuestra
492 823 1241 876 La distinguida Señora Cambucha de
447 889 1236 945 Sanchidrión. Miembro y Representante
450 958 1233 1011 en Caguas, de la Alianza Femenina La¬
450 1026 779 1079 tino-Americana.
1310 823 2057 876 Es la musa inspiradora de las obras
1265 886 2051 942 hermosas que realiza su esposo, el filán¬
1268 955 2054 1011 tropo puertorriqueño. Sr. Santos San¬
1268 1023 1459 1079 chidrián.
558 1247 1934 1297 Dr. Seraio Cuevas equeira
498 1429 1477 1488 Nos ha obsequiado el distinguido puer doctrinas.
453 1501 1244 1554 torriqueño, e ilustrado catedrático de la
453 1567 2063 1620 Universidad de la Habana, con dos folle antiguo amigo y querido compatriota
456 1635 2065 1688 tos que contienen dosde sus hermosos que tanto enaltece a Puerto Rico en la
456 1701 1827 1754 discursos llenos de erudición y de sabias patria de Cespedes y Martí.
1313 1498 2057 1554 Damos las más expresivas gracias al
806 1919 1731 1969 De aministración
498 2110 1244 2163 Nuestros subscriptores y anunciantes
456 2176 1233 2232 no pagarán el mes de Mayo que ha esta¬
453 2241 1241 2294 do suspendido el periódico, por nuestro
456 2310 1238 2360 traslado a San Juan Aunque la corres¬
462 2379 1241 2432 pondencia se dirigirá a Río Piedras a
459 2444 1059 2497 la Sra. Ana Roqué de Duprey.
1277 2113 2065 2166 enviado recibos, procurren arregar sus
1277 2179 2065 2232 cuentas con esta empresa que necesita
1280 2244 2068 2294 sus entradas, para poder atender a los
1283 2310 2063 2366 gastos del periódico. Desde el número
1283 2379 2065 2435 proximo estableceremos una Sección
1277 2438 2063 2494 de Correspondencia" con nuestros sus¬
1280 2513 1471 2563 criptores.
1322 2585 2068 2641 Las personas que reciban este perio¬
453 2659 1244 2709 San Juan, Santurce. Yauco. Aguadilla
501 2588 1241 2644 Suplicamos a todas las personas de
456 2725 1250 2781 y otras poblaciones, a quienes se les ha
1050 3110 1453 3163 Ayuntamiento de Madrid
