2479 3508
444 483 937 533 HERALDO DE LA MUJER.
531 614 1931 679 HERALDO DE LA MUJER
477 698 1224 757 Debido a circunstancias inevitables, nuestra
447 746 1224 802 revista la santido una merupción a eses de
447 787 841 843 a trasado a San Juan¬
480 832 1215 894 Ha estado suspendida en todo el mes de Ma
456 880 1218 936 ya ven una no salara más que ma ven por la
450 919 991 978 incantad de conseer imprenta.
477 964 1215 1023 Pero para compensar estos denciencias lleva
447 1005 1221 1067 se manera mas páginas y el mos de Mayo no¬
447 1050 1024 1109 ya en cuenta para los suscriptores.
486 1098 1218 1157 De amor en adelante esta revista ira mejoran¬
447 1140 1224 1199 do cada ver más dado el favor cada de cre¬
447 1185 1215 1243 inte de ables y el nermoso ideal que per¬
447 1232 1215 1288 ene mucar en los posible las aspiraciones de
453 1271 1221 1333 la mujer latino americana con las de la sajo¬
447 1316 671 1372 na del Nore
483 1358 1218 1423 El triunfo de la mujer no será completo.
447 1402 1221 1467 mientras esta ma en el mundo sin ranoticia,
486 1450 1215 1506 Estamos ruinos y respia acaban de encio¬
447 1495 1212 1551 nar nuestros arena son dos vetoras so¬
447 1537 994 1593 manues conocenin en esto des¬
492 1576 1209 1641 Perto Rien a quien el acta gones le re¬
447 1626 1212 1682 conocio que derecho de la sido negado por mues¬
447 1662 1053 1724 a Legalanra paras en ele¬
480 1716 1218 1769 quizás la cula la tienes questro altabera¬
450 1761 1209 1814 mo Pero lante de las provinas elecciones.
441 1803 1209 1859 salo puran verar los que senan les y escribir
447 1844 1206 1900 no podemos ener que la persias nos me¬
444 1895 1209 1945 que entonces nuestro derecho Cas nos atreve
450 1937 1065 1987 nos negrar que nos lo recompera.
477 1976 1215 2035 Creemos que de todas las leves probadas por¬
447 2023 1212 2076 la Lesislatura ninsa más sabia, y más pacio¬
450 2065 665 2121 es que ena.
471 2110 1215 2169 Lo que no conseguirán los millones de pesos,
447 2155 1104 2211 lo ya conseentre la paración del uno.
483 2194 1215 2250 otras tres leves hagacas tambien la apro¬
444 2238 1218 2294 pado la Legalaura ma el amento de suelo
441 2289 698 2339 los astros.
480 2331 1221 2384 Esos sacerdotes del progreso ganan menos
441 2376 1218 2429 aquí que los parenderos de las calos mo es
453 2421 1221 2474 poetornoso Lastima grande será que el estado
1253 707 2027 766 crítico de nuestro tesoro, impida hacer efectiva
1253 752 2021 811 tan justa medida ante esa merencia, los pro¬
1253 796 2021 852 enores deben de ser prudentes y patriotas y
1253 841 2021 897 saber enerar la lo entera, sin ma mota di¬
1262 886 2021 945 verrente esta merenda en que se les haga
1262 928 1388 984 justicia.
1298 973 2018 1032 La otra ley ha sido la protección a la obrera,
1262 1017 1859 1073 probando el bil del salario minimo.
1289 1062 2021 1118 Nada más justo, aunque la medida debía de
1253 1107 2027 1163 ser aún más ampla a ignidad de tiempo y de
1253 1149 1892 1208 ciencia, el salario debía de ser igual.
1277 1193 2024 1252 La mujer que trabaja, casi siempre lo hace
1262 1241 2024 1294 para mantener sus hijos a los que no siempre
1253 1283 1776 1336 padre atende como debiera.
1283 1334 2027 1390 ¡Bendito sea el legislador que se acordo de
1253 1382 1600 1432 protener la mujer.
1289 1420 2024 1479 La errera es la Antonomía de los Municipios.
1292 1465 2015 1518 En los ilumos dos los lecialadores han tra¬
1253 1510 2021 1563 bajado como deberan hacerlo desde el prin¬
1256 1552 1346 1605 ipio.
1289 1603 2024 1658 No escarmientan nuestros representantes. Tie¬
1247 1647 2021 1706 nen demasiado inmirado en su ser ese mañana,
1253 1692 2021 1745 que nos hue estar siempre encados a todo
1256 1740 1612 1790 movimiento evolutro.
1283 1779 2024 1838 Con el tiempo, pero mucho tiempo, según se
1256 1823 2024 1879 para mealando nuestra sangre latina con la sa¬
1262 1868 2024 1927 ma, aprendera puerto mes a quir con el hoy.
1253 1913 2015 1966 base o imiento de todo progreso y ese maña.
1256 1958 2024 2011 na que nos enerva para a la historia, como
1253 2000 2030 2053 han pasado o van pasando todos los niveles
1256 2044 2024 2100 de los pueblos atrasados que son los que antan¬
1253 2089 1543 2142 paso de tortura.
1280 2143 2021 2196 La gente moderna, siguiendo las corrientes.
1256 2188 2024 2241 de la poca, ya a tener que viajar siempre en
1253 2229 2024 2282 eropiano que es más velos aún que la locomo¬
1253 2271 1334 2324 ora
1295 2325 2030 2378 Y..... en qué viajarán los hombres del si¬
1256 2376 1543 2426 Po MI.
1755 2421 1994 2474 La Redacción.
668 2534 1803 2593 CONTESTACIONAL SR. MIGUEL GUERRA
474 2609 1209 2665 Cuando el Hon Representante Miguel Gue¬
447 2653 1215 2709 a esposo en la canara su opinión de que no¬
453 2695 1221 2751 estaba autoriada la Legalaura de Puerto mi¬
450 2743 1224 2793 o para concer el volos a la mujer incene
441 2788 1215 2838 me la mujer puertorriqueña doblaría numilde¬
1253 2612 2024 2668 mente la cabeza y se sometería a esa decisión
1253 2656 2021 2709 como un hecho iro pero la mujer puertorra.
1253 2701 2027 2751 queña esta completamente decidida detender
1253 2743 1713 2799 a derecho ahora y sempre
1286 2788 2027 2841 Considere el se querra, y demás miembros
1038 3083 1450 3133 Ayuntamiento de Madrid
