2479 3508
1546 474 2045 530 HERALDO DE LA MUJER.
444 561 1227 620 de la Legislatura, la autorizada opinión del Se¬
438 608 1227 664 mador ales pondecier miembro del Conte
444 653 913 709 responsable del deta, ones.
468 698 1227 751 La maternación viene por conducto del conte
444 743 1221 799 comeresional de la Agaciación Nacional sura.
441 790 1221 846 ta de la Mujer americana en Wasineron.
441 832 1224 888 presentada por una melen ha bandener vi¬
441 874 683 930 es presidenta.
471 922 1230 978 Dicha señora después de hablar con varios
438 967 1227 1023 enadores en alieron los cuales opinas que
447 1014 1227 1067 la resularura de Puerto Rico tiene poder para
438 1056 1221 1112 purador la ramancia del voto a la mujer puer¬
447 1101 1224 1157 primera pos de los creen que la mujer
441 1146 1221 1202 de puerto pios mes ya en Manuicia, y sin¬
444 1193 1230 1246 plemente tiene que aterenario haciendo valor
435 1238 1230 1291 en derecho e insoriendose bajo las mismas le
447 1277 1230 1336 es cometidas para el hombre pudiendo ir á
444 1328 746 1378 las mas var¬
477 1370 1119 1423 Véase la carta del Senador Poindenter:
931 1423 1179 1476 Mayo 24. 1919.
471 1465 886 1518 Estimada Mr. Gardener:
483 1558 1224 1611 Adunto una copia del Acta del Gobierno de
441 1600 662 1653 Puerto Rico.
483 1647 1230 1700 Usten notará que después de la primera elec-
447 1689 1238 1742 con proves que las intras caricaciones pe¬
450 1737 1230 1787 queridas a los vatantes es que sean ciudadanos
1286 567 2045 620 Esto naturalmente incluye a las mujeres que
1265 611 2045 667 son ciudadanas de los Estados Unidos de al
1262 656 2045 712 años o más puesto que la palabra varón no
1271 704 1597 757 la sido especiacada
1298 746 2045 802 Hay una provisión adicional, que los votan¬
1265 793 2042 846 tes tendrán caligenciones que puedan ser pres¬
1268 829 1988 888 riotas por la Lesilatura de Puerto Rico.
1301 883 2051 936 Es ni minión que bajo esta provisión las
1265 928 2045 978 mujeres de al años o más ciudadanas de los
1265 970 2048 1023 Estados Unidos en puerto Rico tienen derecho
1265 1014 2045 1070 de suprecios menos que le hata sin o le en
1259 1062 2045 1115 negado ellas por la Legislatura de Puerto Rico
1483 1116 1806 1169 Sinceramente suyo,
1722 1173 2018 1226 Miles Poindexter.
1289 1235 2042 1288 Nota de la Redacción —Según lo expuseto por¬
1268 1286 2048 1336 este Senador el Congreso concedio el voto a la
1259 1328 2051 1381 mujer puertorriqueña en el acta jones, como
1259 1373 2045 1423 se dijo al principio y la Legilatura de puerto
1268 1420 2051 1470 meo le adicione la palabra varón quene esta
1265 1465 2051 1515 acción el país juzgue la mujer puertorriqueña.
1268 1504 2051 1563 como nos tratan nuestros compañeros muestros
1274 1555 1421 1608 paisanos.
1313 1597 2051 1650 Pero ante un pueblo noble como el america.
1265 1641 2051 1694 no no encontrarán eco las demandas de justicia
1265 1686 2045 1739 de este muestro pueblo, hasta que no esten que¬
1277 1734 2048 1787 puestos a haceria á sus madres, esposas e li¬
1265 1782 1597 1835 jas Al tiempo.
812 1964 1707 2017 Por Carmela Eulate Sanurío,
629 1892 1868 1948 PRIMER FMOR DE CHOEIN
477 2041 1236 2097 Hay existencias de tal manera representativas
444 2089 1236 2145 de una mues que esta los escose preferentemen¬
447 2131 1221 2187 para que se encarne en los se recuerdo may
447 2173 1227 2232 hombres que por su vida personal den tal rene
453 2221 1227 2276 en a obra arrísica, que esta tona un gallo pe¬
441 2265 1233 2321 intino e impresa ya todo lo que sale de
441 2313 1236 2366 en pluna como fruto de supiración uno de
450 2358 1236 2411 estos hombre el más conocido el más diseni¬
441 2403 1230 2456 do fué Lora pron otro el más amado fue¬
450 2447 582 2503 Chopin.
471 2492 1236 2545 Para darnos cuenta de ésto, bastaría compa¬
444 2537 1236 2590 rar su fana de compostor con la de ros sus
450 2585 1233 2638 rivales y contemporancos, la totalidad de la
456 2633 1236 2683 producción de ciopin no pasa de so obras al¬
450 2674 1233 2730 gunas de muy preses dinensiones y entre ellas
447 2719 1233 2772 Solo pocas han levado a imponerse al pinito.
450 2764 1233 2817 Pero todos aún la más insignincante aún el
450 2812 1230 2862 más corto de sus prelucios y la más ligera de
1268 2041 2051 2094 sus mazurcas son el mismo, es decir, el hombre.
1265 2089 2051 2142 que se imposo por sus condiciones personales a
1265 2134 2051 2187 en poca y que ha dejado tal originalidad en
1274 2179 2042 2229 esas poco humerosas obras, que las hacen di¬
1271 2224 1758 2276 tinguirse con un selo propio
1304 2268 2057 2321 Canin tuvo fama ya en su época, cuando
1271 2316 2054 2366 el mal gusto del público no podia apreciar entre
1271 2358 2057 2411 el arrago de los arregios y escalos cronticas
1265 2400 2051 2459 y dardos de virmosísimo de los pianistas de
1274 2447 2051 2500 igno a gro la profunda originalidad de su mi¬
1271 2492 2054 2545 sea pura eslata que repetía en los salones de
1268 2537 2048 2590 París, como si totase para el solo las melena¬
1271 2585 2048 2641 y los ecos de las extengas planicios que riera el
1280 2630 2057 2680 vistala, que evocaba sobre la tierra de prancia
1265 2671 2060 2724 aquella Polonia esclavizada y solorante entre
1271 2719 2054 2769 na grillos pero conservando latente su vida
1265 2764 1907 2817 nacional en su rención y en su engna.
1301 2806 2054 2862 Mimetievial la cantaba en odas apasionantes,
1050 3113 1459 3163 Ayuntamiento de Madrid
