2479 3508
417 483 916 539 HERALDO DE LA MUJER.
453 889 1203 945 chonin nos aparece frances no solo por su
417 937 1197 993 malido que es de origen frances, sino por su¬
423 982 1203 1037 lares estancia en París y por el culto que
423 1029 1203 1082 siempre le ha frutado la metropor del sena.
417 1065 1206 1124 para el enta un anos enando loso Panos prove¬
420 1116 1203 1169 dente de Varopia, y va formado en su alma la
429 1161 1197 1214 personalidad arística que se conservo pura es¬
423 1205 510 1258 lava.
453 1250 1206 1303 Un libro reciente trae importantes detalles so¬
417 1295 1203 1348 pre la vida de muopin en los primeros años en
429 1340 1206 1393 que habito en parte y nos lo muestra muy po¬
420 1382 1203 1438 ven en plena eterresencia de entusiasmo en
417 1426 1203 1482 a prinapera de la vida que es la que decima
420 1474 1128 1527 más tarde de todo el porvenir del hombre.
450 1519 1203 1572 El no perdo de vista á su patria y contimo
417 1564 1209 1617 siendo polara en el fondo de ala hasta los
423 1608 1206 1661 unos años a en queño pues no legaron
426 1653 1197 1703 formarse nieves en su cabeza, para sus compa¬
417 1698 1206 1748 riotas de un hermano abriendoles el santua¬
423 1743 1200 1793 rio de su alma pero para sus mejores amigos
423 1788 1206 1838 prisiones fue siempre servado y no pue¬
423 1829 1200 1879 a que al hablar la lencia nacional surgiosa
417 1877 1212 1927 a nuevo hombre con la evocación de un país
426 1922 546 1975 lejano.
465 1964 1203 2017 Su exquisita dulara social encubría la vio¬
423 2009 1197 2062 encia de los temperamentos ellavos y en mo¬
423 2056 1209 2106 mentos no frecuentes energía á la superacio el
423 2098 1131 2151 amata que la sociedad no hasta unado.
459 2146 1209 2196 El era un sonadora y se enta que someterra.
426 2188 1206 2238 trabajo diario de las lecciones pues no bastaban
426 2232 1209 2285 los conciertos para permirle un y el gran
423 2277 1206 2330 mundo la rodeana y el gran mundo de lo aspi¬
426 2322 1206 2372 taba el senta que la gualdad social era sio
426 2364 1209 2417 ma formala que en el fondo de sus conciencias.
423 2412 1206 2465 quellos hombres que se le orecen por amigos
426 2459 919 2509 erren todos superara el
450 2501 1200 2551 su primer amor la intió a la edad de 20 años.
432 2546 1206 2599 recién llerado de parecia en plena idealiza¬
426 2591 1206 2644 ón y tomando aún por siertos los mplansos que
423 2636 1209 2688 a joven gento de la tributaban sin adveru¬
429 2680 1212 2730 la mues que pontan entre el hombre y el a¬
429 2728 525 2784 ista.
462 2770 1206 2826 La elegida de su corazón fué una joven y
423 2815 1206 2871 bella polaca María Wozonsta, perteneciene a
1236 581 2015 634 arristocrática familia y hermana de su mejor
1236 626 2009 679 amigo el conde antonio Rodronsea La mini¬
1241 671 2015 724 dad que tenía en la casa permitele racimente
1241 719 2015 769 llegar al corazón de María, y despertar en ella
1236 767 1513 817 el mismo afecto.
1271 808 2015 858 La actitud de la familia cuando se apercibie¬
1238 847 2015 900 ron de la indole de las relaciones no varia, pero
1236 895 2009 948 trabajaron todos con excepción del conde anto.
1236 937 2015 993 no para hacer desistir a la joven de quel pro¬
1244 987 2018 1040 veto de matrimento que era una melance.
1238 1029 2015 1079 Cona confado, con el corazón pleno de dicha
1241 1074 2021 1127 rentaba las laciones perretamente justinea¬
1236 1119 2015 1172 ples por la juventa de María, que apenas con¬
1241 1164 2021 1214 taba en y sete años sus composiciones mu¬
1238 1205 2018 1258 tales han dándole fama y provelo y aca¬
1244 1250 2021 1306 aba como la más gongera esperanza la idea
1238 1298 2021 1351 de construe un hogar honrado con su amada
1241 1343 2012 1393 me era polara como el y como el música y
1236 1394 1388 1444 patriota.
1283 1429 2015 1482 De improviso las cartas de María cambiaron
1247 1471 2021 1527 de tono y con vi desanecere su sueño de
1241 1522 1394 1578 encidad.
1280 1561 2021 1620 La joven no decía el verdadero motivo, pero
1244 1605 2015 1664 a lo adivinaba leta entre ineas veía al mundo,
1244 1653 2018 1709 soberio e implacable arrancarle la realtración
1241 1692 2015 1751 de su ideal la inesperiencia de María de un
1244 1740 2015 1799 pudada para su obra de separación por la ali¬
1241 1785 2018 1841 ver de pianista que rerocedia, a menida que
1241 1832 2021 1885 la misma así sin un rompimiento apido, sin
1241 1871 2021 1930 ma cartas que pudiose parecer vilenta termina
1247 1919 2021 1978 aque into en que ina encionada toda la cla¬
1244 1973 1486 2023 de m hombre.
1277 2006 2021 2062 chopin callo, no tuvo un reproche para ella
1241 2053 2021 2109 ni siquiera dirigi ma queja al conde Antoni¬
1244 2098 2024 2154 que dento ver consumarse la pación solo las
1241 2137 2021 2202 motas de sus Nostumos algunos vales desi¬
1241 2185 2018 2247 hogaron aquella pena amarenísima que no quiso
1244 2229 2027 2288 reintarse con palabras pros unieron los
1241 2277 2021 2333 detales de las relaciones y la forma del rompi¬
1244 2319 2024 2378 miento y nadie desde luego compras que pro¬
1244 2364 1865 2423 fundas eran las rates de aque amor¬
1271 2409 2024 2468 Más tante a la muerte de chonin se encontra¬
1241 2456 2024 2515 ron en un poete atadas con una cinta los car¬
1247 2495 2027 2560 tas de María sobre ellos el había trado con
1241 2543 2027 2605 mano convula, en su lencia nacional, estas
1253 2588 1865 2653 palabras. La desgracia de me vida
1286 2630 2027 2694 Más tarde vinieron amores esmeros y desen¬
1247 2674 2027 2742 años cruelos todo el engrabajo de su existen¬
1247 2725 1946 2784 in de rista en el pares del romantrismo.
1594 2809 2027 2862 Continúa en la página 9
1041 3086 1459 3139 Ayuntamiento de Madrid
