2479 3508
1367 629 1459 679 POR
829 643 1580 703 Busto de Bronce BE
877 707 1564 757 Caballero de empresas va fontanas,
835 752 1531 805 nació para otros siglos más viriles:
841 799 1477 852 quió la adulación de los enviles.
841 844 1522 894 fué orrebre de bellas filegranas.
883 910 1516 963 Tuvo por leves el deber austero,
850 961 1621 1014 por armás la honrader recta intaciable,
841 999 1450 1049 en caracter hacto e indamable
835 1044 1489 1097 en Toledo templo su fuerte acero
877 1113 1531 1166 Se vá con él la tradición hispana,
835 1158 1459 1208 aromas de levendas, hidalenía.
844 1196 1624 1255 un sirón de la patria casfellana.
877 1265 1627 1324 Lo que fué siempre de los nobles guía,
838 1313 1522 1366 lo que avento furiosa tramontana.
847 1361 1525 1414 por lo que era vo la sangre mía?
1158 1405 1313 1458 pro¬
853 1462 1621 1515 F TI POR BEGO ICENTE FEJER
734 1534 1743 1584 Has muerto No la muerte tras sí lleva el olvido,
829 1573 1244 1629 y aún te recuerdo vo¬
695 1617 1615 1670 La muerte dulce madre, tu forma ha destruido.
824 1665 1191 1718 pero tú imagen no.
695 1713 1686 1772 Más ah! si tu en mi espíritu no has muerto todavía,
824 1761 1286 1811 mañana. vivirás
698 1800 1567 1859 Oh sí, mientras respire, lo juro, madre mía,
826 1847 1179 1900 no morirás jamás
686 1901 1662 1954 amás, aunque el destino te doblego en mal hora,
832 1946 1176 1999 fue vano su rigor.
689 1991 1656 2044 mi gloria un tiempo fuiste, serás mi culto ahora:
826 2035 1322 2088 tu siempre eres mi amor.
695 2083 1573 2139 Contigo a todas partes, contigo noche y día
824 2128 1167 2187 me sentirás vivir.
695 2182 1645 2232 que en tanto que vo aliente, lo sabes, madre mía,
824 2224 1227 2274 no puedes tu morir
692 2271 1594 2327 Y aún vivirás conmigo cuando mi sien no lata
829 2322 1334 2372 que re buscarte en Dios.
698 2361 1639 2417 Y el rato de su gloria, que ardiente te arrebata.
824 2406 1179 2459 ena para los dos:
701 2459 1662 2509 No importa que hoy pregunte con afligido acento:
824 2507 1337 2557 mi madre en donde esta
695 2552 1710 2602 No importa que mis labios respondan al momento:
821 2597 1319 2647 mi madre ha muerto va
698 2644 1677 2697 Para adorarla siempre, del pecho en lo profundo
824 2692 1200 2742 tu imagen leto vo¬
686 2737 1707 2790 Las madres, madre mía, se mueren para el mundo
838 2785 1197 2835 para sus hijos no.
1032 3098 1453 3151 Ayuntamiento de Madrid
1525 489 2030 545 HERALDO DE LA MUJER.
