2479 3508
364 504 871 557 HERALDO DE LA MUJER.
367 599 1152 649 PRIMER AMOR DE CHOPIN.—Conclusión
400 662 1146 718 Ya muerto el ideal de su alma, conocido lo
370 713 1149 763 me podia engar aún de sus mejores amigos.
370 752 1152 808 ma honda amarra me cubriendo el corazón
376 796 1149 852 de chopia, y hermercamente enrado a toda
370 838 1149 897 condencia, e incapaz por orgullo mativo, de
1185 599 1967 658 buscar alivio en una queja, brotaron sobre el
1197 641 1964 703 pentagrama esas composiciones que por plas.
1188 689 1967 748 mar el dolor de la humanidad cuyas ilusiones
1188 731 1964 793 han siado prematramente tronciados, se han
1188 776 1970 837 muesto y e imponen aún a todos los tempera.
1188 820 1892 882 mentos de verdadera sensibidad artística.
716 958 1624 1020 LOS CERTAMENES DEL ATENEO
406 1041 1158 1097 Son los certámenes de nuestro primer Centro¬
376 1071 1970 1145 ramario, o por mejor del de muestro quito surge la Novela puertorriqueña con toda la es¬
376 1131 1155 1187 centro lugario la mota reveladora de que ami¬
376 1176 1152 1232 ambien esiste in pueblo que aspira algo más
385 1223 1119 1279 que entaraer los ques prosacos de la vida.
379 1310 1158 1369 nspiración pero por que tenemos solo poetas.
406 1352 1158 1417 Por que no hemos de tener moveistas noso¬
379 1402 809 1455 ros hombres de siencia
403 1441 1164 1500 Es propio de los atencos me dires, estimar
379 1495 668 1545 cio á los poetas.
426 1531 1161 1587 y bien la fundación de los Ateneos data de
385 1576 1164 1638 menos años y vemos hoy que todo evoluciona
385 1623 1164 1685 yes transiona y no teniendo ni madiendo de¬
385 1668 1161 1727 ner nosotros por ahora deademia de Ciencias.
385 1710 1161 1775 Por que no tanternamos muesto quien cente
382 1758 1167 1814 ro cultural de modo que escenda la protección
388 1800 1167 1859 estimulo a todas las ramas del saber humano.
385 1850 782 1909 perdera algo con so¬
420 1889 1161 1948 De mingún modo, sanaría en prestigio y cele¬
388 1934 1176 1993 pridad y ardaría de un modo más encan a la
391 1988 641 2038 cultura patria.
417 2023 1167 2082 Me direis, sería perdor el tiempo, pues amí
388 2068 1167 2127 solo se le de culto á la poesta como quede en
391 2122 674 2172 los pueblos minos.
417 2161 1176 2220 Y por me sucede esto Porque solo á la poe¬
388 2200 1173 2262 si se estima porone cuando se la necho al¬
388 2250 1170 2309 sin envo sobre el cuento y la movela se ha
388 2295 1137 2357 pretendido que se presentan obras perecias.
432 2334 1442 2396 Los Callos las Pardo paran y los fola no se de la Belleza.
391 2379 1179 2441 improvisan son productos del desarrollo lento
397 2427 1182 2488 y propicio de un medio ambiente que los impul¬
423 2516 1179 2578 Acaso son nuestros poetas premiados otros
397 2558 1179 2614 vistor mago otros quitana o amado Nervo¬
429 2606 1176 2662 May lejos de co son astros que empiena¬
400 2650 1182 2706 brillando en muestro pernero cielo y quizás al
397 2701 740 2760 guno lerne al cente.
435 2737 1182 2796 Pues seamos algo indulgentes con los demás
397 2782 1179 2844 generos literarios en vista de la necesidad que
394 2830 1179 2889 tenemos de su desarrollo para poder lamamos.
1197 1026 1970 1091 pueblo civilizado y poco a poco, veremos como
1191 1116 1973 1184 plenda lozante de nuestra preclesiada natu¬
1191 1173 1307 1226 ralera.
1233 1205 1973 1264 Y surgirá también el estudio de nuestra Flo¬
406 1250 1982 1321 Aque tenemos poetas de más o menos falta na de muestro cielo de nuestro suelo tan leno
1194 1298 1818 1357 de riqueras ignoradas e inemploradas.
1227 1340 1982 1402 Nunca hemos podido comprender por me la
1197 1385 1988 1447 novela, se genero literario no menos bello que
1197 1426 1988 1491 los pros y quizás mo de los más quiles y mas.
1194 1471 1973 1533 endentales para correste vicios y propender
1194 1519 1994 1581 la mayor altura de los pueblos es mirado.
1200 1561 1985 1626 entre muestros hombres de letras con en marca.
1203 1608 1979 1667 lo desen cuando es en las naciones que vana
1203 1653 1976 1718 la cabeza de la civilización donde la movela la
1200 1695 1976 1760 admirido sea insentible preponderancia que
1209 1743 1976 1808 os en la actualidad en todas partes menos en
1200 1800 1406 1850 Puerto Rico.
1244 1832 1871 1897 Cual será la causa de este fenómeno
1230 1874 1979 1942 indicara esto que la herara resional aún
1206 1919 1976 1981 esta envuelta en los amiles sueños de la intan¬
1203 1976 1274 2029 las
1247 2009 1991 2070 Aquí se admira a los poetas, y se desdeña a
1209 2065 1439 2118 los movestas.
1236 2098 1985 2160 Y que es el novelista sinó un poeta que ex¬
1212 2140 1988 2211 presa en estio más lano es cierto pero am¬
1215 2185 1985 2253 pién más verdadero y no menos bello, lo que el
1206 2235 1680 2300 poeta, canta en sus espor
1241 2277 1988 2339 La poesía es el traje de corte el traje regio
1250 2364 1991 2429 Pero la prosa en la novela, es el traje airoso
1215 2409 1991 2480 y elegante con que la Belleza y la verdad se
1212 2453 1991 2518 sen para penerar en el corazón de las socie¬
1209 2498 1991 2563 dades modernas; y levar lo mismo al palacio
1221 2543 1991 2608 me a fuerio, las grandes ideas y los inti¬
1218 2594 1991 2653 ados problenas que periene la humanidad.
1212 2633 1991 2700 en pos de su perfeccionamiento necesario me¬
1212 2692 1331 2742 insible
1244 2725 1991 2784 También es misión de la novela levantar pú¬
1212 2767 1991 2832 emente la punta del velo que embre las mi¬
1212 2815 1994 2880 serias humanas y señalar las lagas sociales pa¬
1038 3098 1450 3151 Ayuntamiento de Madrid
