2479 3508
1552 456 2060 515 HERALDO DE LA MUJER.
453 531 1236 596 ra así evitar la gangrena que pudiera corroer¬
459 573 659 631 al munto.
507 620 1238 685 La importancia de la novela en la cultura y
1268 635 1659 694 no le y no las combra.
456 665 1155 727 mejoramiento de los pueblos es imerable.
495 710 1128 772 La movela, instruye deleta y moralia.
492 755 1244 817 por su forma quena y encila puede se¬
459 793 1179 861 amenida por todos sabios e ignorantes.
1274 814 1355 870 algo.
495 838 1238 906 sus gritos lecciones en vez de abrir las
447 889 1236 951 peronas poco dadas al estudio arruen e intere¬
447 934 1233 996 san tanto por el encanto de la maración como
447 976 1230 1040 por presentas reretidas con el esplando
441 1017 1233 1085 paje de la bellera, siempre admirable y admi¬
450 1062 1227 1127 rada aún por los seres menos elevados moral.
450 1107 564 1163 mente.
495 1158 1233 1220 Además ningún género literario como la
450 1202 1227 1261 moral, tiene la propiedad de comover tan hon¬
447 1241 1230 1306 amente las tras de enimientos de hacer
447 1280 1227 1351 rar de poner en conoción las impresiones.
1259 1313 1334 1366 ños.
450 1331 1230 1396 sensaciones del alma de aquí en acción mora.
450 1379 603 1432 inadora
1265 1411 1388 1461 sunto.
495 1429 1230 1485 Por qué, pues esa indiferencia inexplica.
1313 546 2051 611 Los editores no se atraven publicar las nove¬
1271 590 2048 652 las puertorrimeras porons dicen que el bueno
1304 686 2051 745 Es esto cierto No en absoluto Hemos obser¬
1271 722 2039 787 vado que las movelas en españo de autores es
1271 770 2048 834 ranieros son muy buscados amul pues, se le¬
1313 865 2045 930 Pero no se protege la bibliografía regional.
1271 910 2045 972 se miran con desden las obras de autores puer¬
1274 958 2045 1017 toriqueños, porque no tienen la perfección de
1268 1002 2045 1061 a plasos maner y eso viene de lo alto de lo
1265 1044 2048 1106 más culto de aquellas personas que por su ilu¬
1265 1089 2045 1151 ración y en decantado patriotismo, ni compran¬
1265 1134 2048 1196 bras puertorriquenas y hasta ni pagan
1265 1179 2048 1241 con puntualidad la prensa puertorriquena cuan
1268 1226 2045 1282 lo denta de ser los primeros en alentar y su¬
1265 1265 2048 1327 dar á los escritores genuinamente puertorri.
1310 1367 2048 1426 Otro día seguiremos ocupándonos de este
755 1594 898 1644 JOSE
549 1644 1125 1706 LETENDA PUERTORRIOUENA
1328 1770 1728 1823 y me se puede hacer
1325 1814 2039 1870 ón Don, yo creo que no tenemos más reme¬
1262 1856 2039 1915 no que congar en la pivina providencia, ella
444 1865 1221 1927 dor sonando la cabeza, por la puerta que a
1259 1898 1459 1954 nos sabara.
444 1910 1215 1969 duras penas polía abrir pues el viento se la
1325 1943 2039 2005 Ya viene el día, gritaban las voces de los
444 1952 588 2008 impecia.
1256 1991 1830 2047 cuatrocientos vecinos del poblado.
489 1997 1116 2059 Tienes miedo. Aurora dijo Belén.
1286 2035 2030 2091 En errecto una raya luminosa se civisaba en el
477 2041 1215 2103 ción voy a tener miedo en esta casa esta¬
1259 2080 2027 2139 horizonte velado por las nubes y la fuerte lu¬
435 2086 832 2145 mos seguros verdad?
1268 2122 2033 2184 a que continamente cala veasana de pronto.
477 2137 1218 2193 Lo malo es que se nos entre el marrepi¬
1295 2164 1949 2226 pero el mar el mar sine que se oía
435 2176 779 2232 es el administrador.
1289 2209 2033 2274 ma, tanto en la pobre casa del cojo don Pepe.
474 2218 1053 2279 Y, puede suceder arguvo Belen.
1262 2259 2033 2315 me se estremecia como la hora en el árbol, se
483 2262 1218 2327 —Esta gente del bario dice que hace muchos
1259 2298 2036 2360 la al nino dose durniendo rancio con la
435 2310 1000 2369 años peneno el mar en el caserio.
1256 2346 2033 2402 ernidad de la inocencia, y María y en esposo
465 2349 1215 2417 Todos callaron prestando atención al mido
1253 2388 2018 2450 erando padrenuestros y avenartas con el re¬
435 2400 898 2459 enorredor del temporal.
1253 2430 1728 2494 vor de verdaderos prerentes.
474 2447 1215 2509 Aulaba el viento furiosamente y bramaba el
1283 2477 2030 2539 La esta de día dijo Belen y pios nos sal¬
435 2489 1062 2548 mar todo era contusión y estenido.
1253 2522 1868 2578 re pues esto cada ver va en aumento.
477 2534 1098 2596 Cuando amanecene dijo aurora.
1286 2573 2027 2629 las así aurora como pelen gran valerosas y
471 2576 1209 2641 El mar el mar, se oye de pronto ya cla¬
1247 2615 1573 2674 estaban tranquillas.
429 2624 1053 2686 mor inmenso salta de todas las bocas.
465 2668 1212 2730 No fuernos dijo don Sepastian pos se
429 2713 1209 2775 que sería fatalidad que al mar se le antojara
647 1701 1035 1751 Ana Roqué de Duprey
713 1761 961 1814 Continuación
480 1820 1221 1882 ¡Y qué oscuridad, dijo el administra¬
432 2761 964 2820 hacer alguna de las suras.
1265 1629 1534 1688 ro, desde fuera.
1304 1677 1525 1730 rone pasa;
1322 1722 1848 1781 que el mar se nos viene encima.
1304 2659 2027 2718 Señora, señora, entro gritando la sirvienta
1250 2701 1779 2760 despavorida, nos arropa el mar¬
1047 3098 1450 3148 Ayuntamiento de Madrid
1591 1480 1994 1536 Ana Roqué de Duprey.
1758 2776 1970 2832 Continuara)
