2479 3508
409 474 486 527 12.
1507 492 2009 551 HERALDO DE LA MUJER.
683 590 1692 643 INANSUERTO MIGUEL GUERRA
450 644 1191 715 hen the Honorable Representative Miguel
412 695 2000 772 quera tola una Camara lar de pas nor sus aminorigin secrin y ana an enciosine here¬
412 734 1194 805 har me Jones de alos sor subono more¬
412 779 1200 849 otros a la nacine las que ponen de porto
414 829 1197 894 pies ala las in homble somision to mas
412 871 1035 936 ante ana algo y to pas por a Ha¬
438 919 1191 984 Tus dia nen plerana e vola be ven for¬
406 964 1191 1032 ne queren to consider le fonopine autoria.
406 1008 1185 1073 que nues con tan sintes senator Mie¬
406 1053 1185 1118 pondesiona member se le contes, re¬
409 1095 1191 1163 pensible por de pones del mue informarios.
406 1137 1185 1208 comes tan le Coneresiona comites or que
403 1182 1185 1252 Nacional american monan surnase asocie¬
409 1226 1179 1294 ron a aligron de los melen a para
406 1274 1185 1342 ner vies Charmanor de Comite ana su¬
412 1316 1188 1384 Ves presiden or ine National american des¬
409 1361 546 1420 lation¬
731 1411 1182 1473 Vashington. May 27 1919.
412 1459 806 1518 My dear Mrs. Froscher:
438 1513 1179 1578 Y am in receint or a letter fron Mrs. Shuler.
403 1552 1185 1623 correspondine secrear or de National Ame¬
400 1600 1182 1670 en ronan sufraga asociacion requestine
403 1644 1182 1712 nes to lean or von enciner or por una organi¬
403 1686 1185 1754 ner pasan ho de congres or que untea sintes
403 1731 1182 1802 in ino quitarines de Legialaure or porto
406 1776 1176 1844 Rico to entramales me ponen or las come.
429 1823 1185 1891 Tlave desa prime los sen ar mue men plo pere
403 1868 1185 1936 on que conminas mujer pascen que al hom¬
400 1913 1179 1978 que pones dere. Senator sangona emo¬
1227 665 2009 727 the Interior, marking page 25 which gives che¬
1233 752 1692 814 pin a comor inat sección.
1259 808 2006 870 1 had the opinión or the legal advisor for¬
1230 847 2003 915 porto Rico in fue penarmen or me interior.
1224 895 2000 957 ne opinión por ue sentor Ponderter. Al r
1227 940 2000 1002 men belleven ana peleve nor lar de pre¬
1230 985 2000 1046 resides in vonr Legislatre los entransise me
1230 1026 2000 1091 romen de porto Rico, mgo or men penere
1233 1074 2003 1136 TRA RE FOMEN DE PORTO RICO ARE.
1224 1119 2003 1181 ALREADO ENERANCHISED AND HA VE
1227 1167 2000 1223 FILIPIN DO FOS DE Y REGISTERING UN.
1224 1208 2000 1270 DER THE SAME LA VS ARA REYERON DE
1230 1253 2003 1312 MEN AND COING TO THE POLES AND
1230 1292 1385 1351 voria.
1262 1349 2003 1411 1 hope that this is clear to yon, and thate¬
1218 1394 1997 1455 come el von mil test ale gones lor a que
1230 1435 1549 1497 mise oportin.
1256 1489 1740 1551 Vita best vishes, bellieve me,
1525 1614 1997 1670 (Signed Helen H. Gardener.
1370 1764 1851 1820 UNITED STATES SENATE
400 1955 1185 2023 ran mo las charse or la belleve says la
409 2000 1179 2065 sus recolection ana i vas las undenstan¬
400 2044 1179 2112 que inar me de vas so corden ater mue¬
403 2092 1182 2154 queron es un leve in me hanas or le porto
403 2134 1176 2199 pien lecilate mar poner me quien me to
406 2176 1179 2247 y to se le on o mer men moy vins
394 2224 1179 2288 here pio pere en una comite an ser iner
403 2268 567 2327 minios.
447 2313 1179 2378 I was able to see Senator Miles Poindexter
409 2358 1179 2423 Replicana, pio pas que or de member y
400 2403 1179 2468 ne conmues ma le has toda sen me a
400 2447 1179 2512 lener como ne quien y enciose hon pul se
397 2495 1182 2554 mas las maestanan ina me Lecislacure
394 2537 1179 2599 y porto Rico las la poner conterra po¬
397 2585 1065 2641 tan una vas ile intention or me der¬
429 2627 1179 2688 Talo ven to le peparmener me interio¬
394 2671 1176 2733 na para con que secretar a con or le
400 2716 1182 2778 priginal la en a con or le organie ace pas¬
394 2761 1182 2823 sea in el majen tie printea mater to vo¬
394 2809 1179 2868 na frantea envelose fron le peparinen or
1746 1823 2000 1873 Mayo 24 1919.
1221 1859 1639 1915 My Dear Mrs. Gardener:
1250 1910 1991 1972 In the confusiono calls upon me at the Sena¬
1218 1955 1997 2014 te vestentay ana on accomo or bene diertea
1224 1997 1997 2059 y participación in an importan debate muien
1218 2041 1997 2106 os tan place y entrel prgor to ser yon¬
1218 2089 1997 2151 roy or de porto Rican Goveramente act.
1221 2134 1650 2190 ma regrer vero mue¬
1244 2185 2000 2244 Y enclose a convor the Act herevita. Section
1218 2226 1997 2288 y relates to sufrase on vil porve de pro¬
1218 2271 1997 2333 inción muere la anter de fre eleccion te
1221 2316 1997 2378 y mualicacions recrea or vores y ma¬
1218 2361 1991 2423 nes hal be insens or mue unica sates.
1212 2406 1997 2468 a vean or age, or puer sus includes y
1218 2450 1997 2512 conse, vomen uno are ciuen or tle unied
1221 2495 1997 2554 sates, en venos age or prer since le por¬
1212 2540 1997 2602 male is por men muere es le quier provision
1215 2582 1994 2644 har voters hal have suel alional malia.
1215 2633 1994 2691 ations as may be prescribea bo le Legialature
1212 2671 1465 2727 porto pes:
1247 2725 1991 2787 t is my opinion that under this provision
1218 2770 1994 2829 ponen al venes or oyer, citinens or de untad
1212 2818 1988 2877 states in porto Rico have tle rientor surtrage.
1035 3086 1450 3139 Ayuntamiento de Madrid
