2479 3508
370 522 877 578 HERALDO DE LA MUJER.
385 611 1161 670 unless it has been, or shall be denied to them bu¬
382 665 874 715 de Lesilatue pr porto Rico.
417 710 740 763 Mul kina regaras.
641 749 931 802 Pero tral yos.
731 802 1155 861 (Signea) Miles Poindexter
603 856 949 909 —
388 901 623 954 "Enclosure 2)
423 952 838 1005 No. 398—GAth. Congress.
567 1002 761 1052 IR 922.
435 1047 1173 1106 An Act to Provide a Civil Government for¬
391 1101 582 1154 Porto Rico
588 1137 976 1196 And For Other Purpose
432 1193 1173 1255 Be I Enacted by the Senate and the House
394 1238 1176 1297 Representarves or ine finitan states o Ame¬
397 1280 1179 1345 rien in Congres semblea mar que provisiones
397 1328 1179 1396 or tus del sal emplo to me islana or porto
1194 599 1973 661 Rico and to the adiacent islands bellonging to
1200 650 1976 706 de untes sentes ana ates or mose islanas:
1194 689 1976 751 ma me name porto migo as nosa in lo de¬
1200 737 1976 793 han be hela to inclue nor on las islana or
1206 779 1973 840 mar mane bue al que adincent islando as afor¬
1206 832 1480 885 mal.
1209 880 1355 933 ro¬
1241 910 1979 972 Sec. 35. That at the first election held purs.
1200 958 1985 1017 mante to tus ace me qualigen ellectos al be
1206 996 1979 1061 lose harine le quincarios or vote mue¬
1206 1041 1988 1106 de presen la muere anter vores sial de
1206 1086 1982 1151 inens or ue unte states trentone veas
1206 1131 1985 1196 y age orover ama lave suel audional quali¬
1212 1176 1985 1241 Rentios as may de prescribea po de Legisla
1215 1223 1985 1285 ture or porto Rico provida más no proper
1212 1262 1988 1333 qualacaron sual ever de imposa apon o
1218 1322 1597 1375 required or ay vorer.
409 1725 1173 1790 enter enentura human error ver comines.
406 1770 1188 1832 de crentes por lavino come to pas in a ce.
417 1812 1179 1876 o renen de comparen to me quiente lase.
406 1856 1185 1918 donian ma Roman epoeis ana under arreren¬
414 1904 1185 1969 pretenes hon ne Napeleonto conquerin¬
414 1958 528 2011 mana.
456 1991 1185 2053 Although a general, traditional, imperialistie
417 2035 1194 2100 poley or al fue principal puropean naciona
412 2077 1191 2139 eminen en arne abore una errible catas.
414 2122 1194 2187 ropla bermano amor las de miar se
417 2170 1197 2229 mi mar se con a llenang part n crearina
420 2212 1197 2279 ne sinarion pliel made a vise pence in le
420 2259 1194 2321 da comener imposible sue arrete des¬
417 2301 1197 2363 brons sin este queamino or lesemo¬
417 2346 1197 2411 ver le palue states ma le enclavenen de
420 2394 1194 2456 ne runa, in order lo han a vay tomaras pa¬
423 2438 1203 2503 lana y posecios in asía ana cuna consen¬
420 2489 835 2545 por peratons in apan¬
468 2531 1200 2590 Vas te entonie governmente blina
426 2576 1203 2635 vien y songar mas to preat mu¬
426 2618 1206 2686 me estabishen intereis o osidental poners
423 2665 1200 2730 instan or purse espension in son ameri¬
423 2710 1197 2772 a femine vin ranos pare or popalaron en¬
426 2755 1209 2817 inte la open to inmigracon or mite mente
429 2800 1209 2862 pue Momo poetrine confa nos have forbiaden
432 1662 1994 1742 The late European var is doubtlessi the pansion for which there was ample ground in¬
1221 1719 1483 1775 que heminere.
1247 1752 2000 1814 Did che Raiser ana his governmet ignore te
1227 1797 2000 1862 chances esistente in sonta america, or dia de
1227 1838 2000 1906 razonal impulses or ale deran lendes
1227 1886 1997 1951 anse inen to dedan prosate meas in her¬
1227 1934 1671 1999 preferente ror enio tarios.
1253 1973 1997 2041 Is ir mor to de deplorea chat German di¬
1236 2015 1997 2085 omaeyenderrene suel a mistale as to emplos
1230 2062 1997 2127 de os posible meas for solung de mato¬
1227 2110 2003 2172 nal pobiene rendine vide lle esa or hate
1233 2155 2006 2217 petreen pesples vig liberto vea mon
1233 2200 2006 2259 tolerablo gosa rootas undone le velare or
1236 2241 2003 2303 que mases ana alterne que sigalaron or mi¬
1238 2286 2003 2348 veral activiles so as to bre la into a condi¬
1230 2337 1633 2393 ron un to lien lever¬
1274 2376 2009 2441 en ve benela ilus at fante che mina or
1230 2421 2009 2485 premos puropean nación, can yo tros so
1233 2462 2009 2527 muel in american superiorio de lo hone lo
1238 2507 2006 2572 remain esempe fron sinilar deastes or mis¬
1238 2561 1456 2620 en poles.
1274 2603 2015 2662 The approachment between NorthAmerica.
1236 2650 2012 2715 ma Sonil america á las moy al la sarina
1244 2692 2012 2763 pint Pan americanan sene to us lo ha¬
1241 2737 2018 2802 comepint or le promeras or an hapor ma¬
1241 2779 2015 2847 riase fron vano or a suraciene mutual inder¬
426 2827 2015 2906 de rentonie peonte an miliaro kina or es saning os me partes Sueating or Perá i
1038 3089 1453 3139 Ayuntamiento de Madrid
567 1459 1704 1542 THE DANGEROF MISTAREN POLICY
1027 1522 1370 1578 BY DORA MAYER.
880 1591 1516 1653 Editoro? "La Crítica.—Lima, Pera)
