2479 3508
471 605 1244 664 particular, the countre from which I write, an
465 653 1247 703 murinte malestión por me arrea sates
465 695 1253 751 general evitan más sentimen mos; mo¬
471 743 1241 799 de misinteroretas novevere y las nor real love.
465 787 1241 837 par que esperación or a far vomo unide in
471 823 1250 882 sa maten Seene le opulente or Nora
468 877 1250 927 america, lo people here belleve la sover
468 919 1247 972 a lencias in come mpon fuen fron quere.
465 964 1250 1017 imonr muer marine in more menos man
468 1008 1241 1061 mino es rie consions or emper de re¬
477 1053 1244 1103 velatos de sad vanta y afinito mil for¬
468 1095 1250 1151 te aras nay in be lagen en por sues ina¬
474 1143 1250 1196 rague los clce un perreen entres de¬
471 1188 1244 1238 Pren in race religion character habis plu¬
471 1232 1256 1282 al constitaron ana moral vencentos es que
471 1274 1256 1327 to de angeros to mumate armon ana una
474 1322 1250 1375 enalis sumnia nor de replaces y anguina
471 1364 1253 1417 te mue los or matimon certan to ena ma
477 1411 1206 1461 que ror quere pevare or mistalen pley.
552 1528 1191 1581 INSUFFRAGE CIRCLES
513 1597 1256 1653 The latest and so far the greatest single¬
471 1647 1256 1697 sufrase vicoro in de porta tos place on ne
477 1689 1253 1739 an en le tan sintes sente pasea mu¬
483 1734 1256 1784 Vonan Surtrase amenamente to le constition
474 1779 1256 1832 Antomancalle de Nacional american Wonan¬
477 1823 1259 1873 sufrase denciaron vin home rue tene
483 1865 1256 1918 or una voter as ile arrerne sales pa¬
483 1910 821 1963 e ine ameninen.
519 1952 1259 2008 Ana mue sufrage strugele natural turas to
477 2000 1256 2050 me ponen de que atin contros in ver el
477 2044 1259 2094 de mual rumos or internacional monan sus
480 2086 1265 2142 para me que me falovine ron e inter¬
486 2134 1012 2187 nacional tronan surance nes.
528 2170 1268 2226 y sana del llar de neste haper in¬
492 2221 1262 2274 roman sufrase history vil pe primien y de
489 2268 946 2321 panila pealino miries.
516 2307 1265 2363 ma enton de las mujeres de papara las
480 2355 1265 2408 por la objer una educaron or una epanian vo¬
483 2397 1262 2453 man me improvenen or las enconte consi¬
492 2444 1265 2497 tion an de arramen por los or al e in¬
495 2489 1268 2542 inta etil ana polvica, riente mujer que las
492 2534 707 2590 ros ta men¬
534 2576 1268 2629 Tue union proposes to organize lectures and
492 2624 1271 2677 to publial lanes to fumna brarios, ana to
492 2671 773 2724 sabian sehoola.
528 2710 1277 2766 in buenos aires he ruion Feminista Nacio¬
489 2755 1271 2808 nal la staring on programe for improvina
495 2800 1262 2853 ponena un gratos an la por or al supor¬
489 2844 1271 2900 ine pr pel vale muertores que socialar se¬
1289 1005 2068 1055 deal vil, special activines amone me vonen
1289 1047 2068 1103 y poetan ana Lactin america, ana vil suppor¬
1292 1086 1579 1145 roman surase.
1337 1182 2068 1232 The advisory boardor the Lating American
1295 1226 2068 1279 vonan sufrase allante las to he neadea M.
1289 1271 2065 1321 s Carrie claman Can presiden r me
1298 1316 2068 1369 internaciona Woman sufrase alance, anu¬
1289 1358 2068 1414 los or ine Narional american roman sufrase.
1289 1405 2068 1455 Agraciation ana los prante y suler corres¬
1292 1453 1994 1506 ponene secretaro or de later asocinti¬
1334 1492 2074 1548 Neiner los cat pre las sinler esa an
1292 1537 2077 1587 ntroduccion vamen le oria puer are fami¬
1295 1585 2071 1635 la vida que pora accompletea pr los Cate.
1295 1626 2071 1679 Her vona tonr muertalen in me interes or
1301 1674 2077 1724 que internaciona Alance ror de purnos de
1295 1719 2071 1769 uno le condiciones or ponen an surrase.
1301 1755 2074 1814 made her a prominente porla figure in sufrase
1301 1809 1412 1862 cireles.
1325 1847 2083 1903 Mrs. Shuleras a campaign organizers is vel
1298 1895 2077 1948 con in almos euer sante in de batea
1295 1937 2080 1990 suntos muerener mere pas a vigoros ca¬
1304 1982 2083 2041 pang son en viener for presidential mu¬
1301 2023 2080 2079 cial, or fal suragar muere con una nave
1304 2068 2074 2127 founa los sujer Noy mat le grear vitory
1301 2113 2080 2169 has been von ile pora or ratincarion in le
1307 2158 2080 2214 variones santes mil ocupo de grater para a
1301 2203 2080 2259 ner une pur se es alvas regay to come yo
1307 2247 2080 2303 me ain or me vonans movemenin porto Res
1301 2292 2080 2348 ma vil be in de pier comuries piere Latin¬
1310 2337 2086 2396 ana anulo interes conerse in mo cane o
1301 2388 1453 2438 trase.
1343 2427 2089 2482 Incidento it was Mrs. Shuler who was ins-
1307 2471 2077 2530 rumental in que investigation underaten po¬
1307 2516 2089 2572 los men ha partener or ile congresiona¬
1307 2564 2083 2617 Comites to acertan me encion pertan¬
1310 2606 2086 2668 ing to me voman vore in he Jones del or
1307 2650 1770 2706 buenalio for porto Rico.
1349 2743 2092 2802 Mme. Julie Siegrie and Mme. Avril de
1316 2791 2089 2847 sante crois or mane mil algo serve on he¬
1038 3086 1453 3139 Ayuntamiento de Madrid
1552 507 2051 560 HERALDO DE LA MUJER.
1277 602 2063 652 nator who is introducing a motion to give the¬
1283 647 2060 700 manita vonan contro os her caminos ad¬
1292 692 1436 745 properte.
1331 734 2060 784 They are also vorking for a lay to regulate
1289 781 2063 831 hone port an il supor mue emancipacion
1286 826 1725 879 pr momen in al is plases.
1325 859 2063 921 Ponto Rico vomen are starting a paper pu¬
1286 913 2060 966 sea in samiel ana encial te merado de
1283 961 2068 1011 la Mujer me Woman s Herala, el mil
