2479 3508
355 486 856 548 HERALDO DE LA MUJER.
400 578 1149 634 Mme Siegried is the presidentor the Natio¬
367 629 1152 685 na Comen or ponen de mante an que o¬
364 671 1155 730 le mos pronenen ponen in inar como
370 719 1158 772 ine se Cor las ilo general secretay or una
376 767 1155 820 Nacional Conmi or momen Nor long
373 808 1158 867 ago se visten le uniten stantes ana letred
373 856 1161 912 New ron en le status or ponen, portine
370 895 1155 954 condicions ana fue social evil teling algo or re¬
370 946 841 999 forme institen in prance.
409 1029 1161 1085 The Limiten Snffrage Bill giving the momen¬
370 1080 1161 1136 or prante prer vensor des te piel to por¬
376 1125 1161 1178 for mempers or minicial aña general concie¬
376 1167 1161 1226 vas pasea in tue caminer or pepties in país.
409 1265 1167 1324 Az the elosing sessions o the Women In¬
376 1310 1164 1369 ternacional Conores hela in foria. Suiter¬
379 1355 1167 1414 lana, ine follone vomen pere manea to pre¬
379 1399 1167 1458 en to de pensa Conterente a paris decisiona
379 1441 1167 1503 renueren al de momana Coneres las pes.
382 1489 1167 1551 para ama las nacian or puelana ne
382 1537 1167 1593 puedene or pranos senora Lenon el ha¬
388 1579 1167 1638 que hagan or suinerlana, a los jane¬
391 1626 889 1688 Aadas or tue buen Nates.
423 1722 1167 1775 In preparation for the Woman Auxiliary
388 1764 1173 1829 or me Pan american sientine Conterencerle
397 1812 1179 1873 ponen de truenar under mue laterio de
397 1853 1179 1918 pra Palina mis de Montevideo have prea¬
397 1901 1182 1966 minen á la auginaro conmites to por in¬
394 1946 1179 2008 cooperacion cial e international me laner
397 1988 1182 2056 composea or representatros de ventrone
397 2032 1185 2100 otros in de la americas re cun¬
397 2077 1185 2142 que ar dentan pamenina le oracia organ or
400 2226 591 2276 Conmites.
403 2492 886 2551 america il pe representes.
397 2122 1191 2187 de nariona Comen or momen or bres
403 2170 1188 2235 decotan to me vont or ule Pan american
450 2301 1191 2366 The Union Feminista Nacional in Argentina
397 2349 1188 2417 s plamino a pan american conterente or po¬
403 2394 1188 2459 men to be hela in buenos arres in Jul 192.
406 2438 1191 2503 nica coman fron Noril son ana centa¬
444 2579 1203 2647 During the presenta vear, the momen o? Me¬
409 2624 1206 2694 sin vil hola Wonas Conference under
412 2671 1197 2736 de suspienes ne ne Nationa Conmen or momen¬
414 2719 1203 2787 a nuevien momen un para el para el
414 2761 1203 2826 Europe as pal as lle embres or cental
414 2806 1200 2874 ma Sono amerien ana me inten stantes have
420 2856 1206 2921 pen miten to arena, or de representes y
1191 561 1970 631 proxy. Señorita Hermilia Galindo editor o?
1188 602 1970 670 la Mujer Moderna is chairan or las Conte.
1188 650 1970 715 rence Señorita Cando la an ardene entusias.
1188 695 1973 763 or de Aliana Femenina Latmo amertema
1194 746 1973 811 Latin american Wonan sufrase Alane)
1224 832 1982 894 Señoritas Luisa Amelia and María Angelina.
1194 874 1979 942 de Hostos or santo Domingo, are amone le
1197 922 1985 990 mos recen to accente ile memperio de le
1203 967 1982 1035 Escenive comel por de Latin derican vo¬
1200 1011 1982 1079 man surgase alumnce la Porta Ren M.
1209 1056 1982 1121 ambucal Sanclidian or Cagnas nos lerce.
1200 1101 1988 1169 de O. de Hernander sera r quevama, an¬
1206 1149 1994 1214 Mis amparo Fernanden la San Juan Mrs.
1209 1196 1871 1261 taborde de pores in Juana paz, ete
1236 1280 1991 1339 The recent deathor Sra. Doña Alvina van
1206 1325 1994 1396 praese or buenos arres president or tue Nacio¬
1209 1367 1991 1441 nal Comel or momen de arrgentina á el
1212 1411 1991 1485 regrenen bo an vomen interesten in me po¬
1206 1477 1433 1533 mina canos.
1247 1546 1994 1620 Mme. Romala Kimara, one o? the pioneer
1212 1591 1997 1664 sufragiste or papan plo s matin a tonr or le
1212 1638 2000 1709 mater states sinaun le condios or vo¬
1212 1683 2003 1757 men vin vey or brinsin formara sone de
1212 1734 2000 1802 lo modern american refos in ler comuy
1212 1776 1997 1847 to vista Señorita Hermila dando in Mesico.
1221 1820 1970 1894 perore reting to her honen rolio lapan¬
1253 1904 2003 1981 Amon recent voman periodicals received
1218 1955 2006 2026 y le Entos or meralio de la Mujer in le
1224 2003 2003 2076 pas monta are la Revista Femenina or prail.
1224 2044 2009 2118 acción Femenina or truena La Mujer perna.
1224 2089 2009 2163 na ana La Critica or pero, injer moderna de
1227 2131 2006 2211 Merro La Redención ana la vor de la Mujer
1224 2176 2009 2253 y sin La prancas ana via femenina 9
1230 2221 2009 2294 mance mue sufragistana bus romen Cinen
1230 2268 2015 2342 pre una states rue internacional onan¬
1233 2313 2006 2387 Surase Newa, Magnablad van de Vereeng
1230 2355 2006 2435 me vor pronventierrector molan ana Wo
1230 2415 1668 2480 mans centuyor Canada.
1265 2501 2018 2575 BOLTED DOORS.—By Greta Winslow, a se-
1238 2546 2018 2623 rial tory os modern re n porto Rico mil he¬
1241 2603 1758 2671 sinin sentember vaten forito.
1277 2692 2027 2763 AMONG OTIER FEATURESA com-
1244 2731 2021 2817 pretensive reviey or tle lates literar por¬
1241 2779 2036 2856 or spanial ana Latin american criter mil be
1244 2827 2033 2906 given in me neste mumber or meralio de la
1032 3107 1453 3160 Ayuntamiento de Madrid
