2479 3508
435 522 510 575 16
1507 519 1991 578 HERALDO DE LA MUJER.
447 734 626 790 porto Rico.
444 1038 653 1094 las Congre.
441 1170 1197 1229 Femenina Latino americana crue hatin ameri¬
435 1211 1197 1270 an vonan surres alienen rue secreta.
441 1256 1206 1318 yor que paceres comer cualque tan
444 1301 1194 1360 Rocner por que manata porto Rico, es¬
444 1343 555 1396 des.
444 1561 871 1617 en or ana mal a once.
441 602 561 661 Mujer.
489 647 1200 706 Trial subscriptiona montas. 15 entes, in the¬
447 692 1200 754 bien states el mo. Wrte por ma, Mumnas.
474 817 1197 882 VO CANT AFTORD to miss the sequence
435 865 1203 924 o ser mujer in culos n de buen sa¬
441 907 1203 966 es de per mes sona ana cental Amer.
444 955 1194 1014 a la remi or le recen pasage or lo pe¬
441 996 1200 1058 deral arrase amenamente in que unte sa.
474 1125 1200 1187 FOR INFORMATION regarding the Alianza
465 1426 1200 1491 HERALDO DE LA MUJER vill keen vo¬
444 1474 1200 1533 normeda go in que tantes sate Canada.
450 1513 1203 1578 acto ana mes maes mi a compon pelos:
444 1647 922 1706 HERALDO DE LA MUJER.
477 1692 1158 1754 por la Manata, porto Rien vest indies.
474 1737 1209 1796 Enelosea que mo los or money order for¬
435 1779 800 1838 sido por la muber.
549 1829 1068 1891 Name.......
549 1871 1107 1936 Nues or por No.
549 1916 1074 1978 los se
552 1961 1062 2020 Con
471 2003 1068 2062 soo in Son america ana Europe¬
659 2298 973 2351 By Anne Hagan
632 2113 988 2181 RABUSHRA"
612 2185 1035 2238 A Personal Impression o?
620 2238 1012 2291 Catherine Breshosay
480 2352 1194 2411 One blue, moonlit Sunday evening, bittery
441 2397 1203 2456 cola la Patrun gran ropa sinsea mo¬
441 2441 1209 2500 de curan se le acensionan ser por tone
444 2483 1200 2542 perore te enines ana que ories nerenpor lur¬
447 2525 1203 2584 los han siles quer ser lanoros an te
441 2567 1203 2626 venino seres pero pey pas milea que le
450 2618 1209 2668 para quida pas pacica, de se al pue¬
450 2656 1203 2712 aprer into ins posa para arros que ser
450 2704 1206 2757 here es more emple samiera, an aroma¬
447 2746 1206 2802 le coner ana y te se pa 9
1230 608 1988 667 beines vere waiting in dense formation, hope¬
1233 653 1991 712 al por miracle nopena mar ue traje
1241 695 1991 754 pala miene ecome as cristal ma mar ley
1236 740 1991 799 miene es un ser in pr mat a las i¬
1238 781 2000 840 conta de demosantes hoy so or ten nues
1233 826 1988 885 miel osmo de sante mae a que sane mine¬
1238 868 1994 930 Padine tante los patea por me santación
1238 916 1988 972 or muer grave los bella que cause or muer¬
1241 961 2000 1014 presente iner buen le came en agran Nor¬
1236 996 1991 1061 nes de las mariase oran american millona
1230 1041 1997 1103 es danerner to a orien nobleman las suel
1233 1086 1988 1145 sene en piesea in mue vemor des¬
1236 1128 1991 1190 Pora anuel mis ine de muriosi vas more¬
1241 1173 1707 1235 rentable to or demoraer.
1265 1223 1982 1282 t vas to see a moman that they vere there-
1236 1268 1991 1324 an pla vonan a plan oman á ponan vio¬
1230 1310 1994 1369 ven ago gave un le nubana ana son pien¬
1238 1355 2000 1414 de lores que famil frende ana lusuries mo
1236 1397 1997 1458 pien sue han peen por locanse muere las
1233 1441 1997 1500 omen in her negra que mumper cal os
1236 1486 1994 1542 gran service mer pere muere le rovana
1236 1525 1997 1587 Ren portes lo cacan, ir inerniente gime
1238 1570 1997 1629 y canerne presitorel pabuina, de
1236 1611 1994 1670 ile rananorner or de hossian Revorizon.
1236 1653 1994 1715 mey pere inere to pas tante de tepue a¬
1236 1698 1997 1757 les or ager muriosin do un pla goman vi¬
1236 1743 1997 1802 had epen nerle ha her mole pone nte ad¬
1236 1785 1997 1844 mor inan hale der aquir le in penal servie¬
1238 1826 1997 1888 pues pere ere de mor comercante or men¬
1241 1874 2000 1930 o melain a ratral rebel aganer en estable.
1241 1916 2000 1975 en pruer or ramor injuance ana erue¬
1244 1958 2000 2017 pues pere ilere sesping ron iner compor¬
1236 2003 1997 2059 al padea parte ingusines mano or en
1236 2044 1997 2103 lo honor en el vonan pio in her son las
1238 2089 2000 2145 ravelea mesumen miles en coor to incile revo¬
1238 2131 1994 2190 haron amon pensante lo las buen pue¬
1238 2176 1994 2235 pereen alera in a Soringles pagon los
1233 2221 1994 2276 inar via polorosa que eren perian posa mue¬
1241 2262 1997 2318 ver muere mode conforable hana prine¬
1247 2310 1985 2360 propie lo encer an la voman lo pecrea¬
1244 2349 2000 2405 mo peneces mar de lana muer be le mar¬
1241 2394 1997 2450 dan or una vontes pr me lana ma las le
1241 2435 2000 2491 inte mar de le guardian or la vonter.
1244 2483 1997 2536 eneralio, de el coman vio tola me sente
1244 2528 1997 2578 or de tuvien sintes quite as a materne conse
1244 2570 1958 2623 mar que had peen por arro ven Social.
1271 2618 2000 2671 ft was an amazing demostration a demostra¬
1241 2662 1997 2715 tan or ine mir unar underlos al quentes.
1241 2704 2000 2757 por al en ror mue extremiar vio murrel
1247 2749 1997 2802 pin viar de regaras as her ola aliones pre¬
450 2791 2000 2847 de Ascencion purían Honse human en atrinde una dor de resionar ello si¬
1044 3056 1444 3109 Ayuntamiento de Madrid
