2479 3508
409 504 919 554 FERALDO DE LA MUJER.
409 593 1200 655 manages to cherish a cuaint pelier in a Socialista
406 638 1203 697 a somenins hores ana honrel fr por en
414 686 1194 742 en en los al perreen pabusca sanos po¬
414 734 1197 790 omenine in bien ley can peleve prery day
414 779 1200 831 or ler stay in le unien states las piesea
412 820 976 876 demonstation quin to inar que
838 868 1155 921 To be continea
453 913 1203 966 Conrtes or Oulool, ana Poreing pres
414 955 552 1011 service.
507 1056 1137 1112 BRILLANTE TRABAJO
426 1176 713 1232 Cariota Mndes.
412 1229 1206 1285 Premiado con medalla de oro en el Certamen¬
441 1274 582 1324 Escolar
414 1325 806 1384 Ladies and gentlemen:
447 1370 1200 1429 Ve have been for suen a long time defending
409 1414 1197 1470 me derries or le naciona una ve have la
406 1462 1197 1518 no te lo se la ven n conties piera
412 1507 1203 1563 pero es te standara a mite silente denial or
417 1552 1152 1611 le rientes or al or numantes supportes.
435 1597 1197 1653 pron tina memorial centes an cenm¬
412 1641 1197 1697 ris aga vonan vas nos recuentosa in me pa¬
412 1686 1200 1742 que pria sue vas mana los ober, to ser a¬
412 1731 1200 1787 la por por sin ras mas veretables ang
412 1779 680 1829 buia lis honse.
444 1820 1203 1873 Time pascen, ana changing his maner or
414 1868 1200 1921 vine man no longer mesde ha pre as a la¬
412 1913 1194 1966 bores me hal moy laver plo conla vona po¬
414 1958 1203 2011 lina lo se pecame a laguno late vas one
412 2003 1197 2059 los monotonos secesion or los venes in¬
417 2047 1203 2100 ner hental, por ediones prison par fon e
414 2092 1200 2148 roria, se ley noming or le por me lase.
412 2137 1000 2196 intre en or pasionable socie¬
447 2182 1203 2235 Centurios sureceden enen quier New naton¬
414 2226 1194 2279 me into lue muere pread los tiene tar una
409 2274 1197 2324 enr ana men verriere protectea fuerrienes
417 2319 1203 2372 rien to le cal or presión vonan arde to
412 2367 1203 2417 lain ner tar share or pero ana vons lan-
414 2409 1197 2459 dema her le vigios no covetea por linser
414 2453 1200 2506 pur y pas de no se vonan ra tarten to
414 2498 1197 2554 detena herete ana de caminea ma entrina,
412 2546 1197 2596 le pen porvana sociero condenmen ner pola¬
412 2588 1200 2641 nes muertos per la lo her el se¬
412 2627 1107 2686 pas deta un mada mayor male que¬
450 2680 1197 2733 La mas en ina lado, mar unaben placamen
412 2725 1209 2775 revoluciones que american colores vin me
412 2767 1197 2820 rejer to de admiten as a sudent or medi¬
412 2815 1197 2865 ne sie pas le te or goman needea, anu¬
414 2862 1203 2912 res pas me poner inar brole open tle bolta¬
1238 602 2021 655 o? the iron gates closed against momen. Time¬
1236 644 2021 703 na agrin her requer pas angueren mil
1238 692 2021 751 refusal moreortenir vas even ler manspera.
1244 734 2021 790 pur le dia mor ese un ana gual sal¬
1236 781 2021 834 olese in le state or es ora actoriadosa
1236 823 2021 882 ner poeal, sue pas graduatad ar le head or
1236 871 2024 927 her las ana los mas porla recerven le des¬
1244 916 1483 966 vonan doctor¬
1265 961 2021 1017 In spite or publie opinion many folloved her¬
1238 1008 2024 1061 rample colese arrer colece universe anter¬
1236 1053 2021 1106 miversis opena muer doos ama goman vas
1236 1095 2021 1151 mor in educación en tue same levalel vil man¬
1236 1140 2024 1199 Nor en doctos por la vers dentat mures.
1236 1188 2024 1241 busines romen began to por foria into ine
1244 1232 2021 1285 vorla to compete vina men ana helo men pre¬
1238 1277 1621 1336 pare le future socie¬
1265 1322 2027 1375 Al che dama or tle tuentien centuro me
1236 1367 2021 1420 feministe movenen pas in fal progres. A
1236 1411 2018 1464 de presente me vonan las penerate cues¬
1236 1456 2021 1509 ala or action al doos are open na que sue¬
1236 1504 2024 1557 cosas enervulere ar las produrea saral per
1238 1549 2024 1602 har mueratre las funsea noverses ana poes
1238 1591 2018 1647 ma seience has progresea considerable under
1244 1641 2021 1691 me gente pur un impulse or tue stras po¬
1236 1686 1740 1736 man or le ventiera centu¬
1265 1728 2024 1778 Paplie oracers are open to hera ana viere
1233 1773 2021 1826 le has peen siven tue riente to vote, to male
1238 1817 2015 1870 lose same las se has to quer me improve
1244 1862 2021 1918 men las been so great mar las imposible to
1236 1907 2027 1960 verios il. Pubue hesin is in a ign peren¬
1238 1952 2024 2005 enter enilaren stronser senos more moder
1236 2000 2021 2050 hospitals ana prisions bener carea por al mi¬
1244 2041 2021 2097 los espense lecanse ponen Hoy ma que
1241 2086 2027 2139 more interester in le neede or tre vos me¬
1247 2137 1573 2187 por ana le ingum¬
1265 2179 2027 2232 Education has given ils frint, anda, hile in¬
1241 2221 2024 2276 me var inst paste men femente for uperio vien¬
1241 2268 2018 2321 orositine piensure forestine al por laval
1236 2313 2021 2366 a love los muer places ores ana factores
1238 2358 2018 2411 a hone rer ponden as iley never la be¬
1241 2406 2024 2456 pre doing viar vas honen econa mer mi¬
1244 2450 2030 2503 ical ana menta povers leeninos un le vol¬
1244 2492 2021 2551 men las pren fortea to abandon una ver ma¬
1244 2540 2030 2596 lina a bir or tine to ora por me nea Crs.
1247 2585 2027 2641 plante sarden ana save an estra cen tor le
1238 2633 1531 2686 men a de fron
1271 2674 2024 2730 Nor en dia se por at home, but her seru¬
1244 2716 2027 2778 es estenden to mue partile ront ale pas ma¬
1236 2764 2024 2820 pinternalante de permano, re aser trie¬
1244 2812 2027 2865 to mate var podo ana queal vomen, en mu¬
1241 2853 2027 2909 puer han vilea to henten mie strugele so¬
1032 3107 1453 3160 Ayuntamiento de Madrid
