2479 3508
462 513 534 566 18
453 593 2012 661 ing under the thichest fire or most poisonous cia de esa flor primorosa de nuestra futura ge¬
450 647 1218 697 esos to del nos vandea magne lospitale
444 686 1209 742 aprene tante en las apar ana igne me pre¬
438 725 1218 787 porten solue n tus menenes tante or pien¬
447 770 1012 829 es una generes dere por la
483 811 1212 873 bue mar la mo que una ue tan onte mor¬
450 856 1218 918 ma que eres lonario unice se hone, I. in¬
453 898 1215 963 que hanas ino o contine de pongor so ma¬
453 937 1215 1002 rue amen un gran pan struesine des¬
453 987 1215 1046 no es enguna de mano entores ines que
453 1032 1218 1091 punea rosa, abner para que ena sia que
453 1071 1218 1133 tale un piere iner en se a preas ile las.
447 1116 1212 1175 may or Camas bonas or alo me pone y
447 1158 1218 1220 o muy vean los erumble no quer mey have
450 1202 1212 1261 homen de que pay na muer las puenada por¬
453 1247 1221 1306 na muy men tar unive ponen or de
453 1292 764 1342 penien, centro¬
492 1343 1218 1402 la is nos just char hile feministe ful or hign
453 1382 1215 1444 ideal acer menales to que nos to ma¬
456 1429 1212 1485 que mano so arena pone oros los ma las
456 1468 1221 1530 que pe mor ponen momen pe pere por en
456 1516 1215 1572 ponan vin ques nos habo in los movenen.
447 1555 1218 1614 des por derre una namos que le in de
447 1600 1218 1658 enen entre muy los me pone al en
444 1638 1215 1700 ne siguiden de ponene ele cuen al mi¬
447 1686 815 1739 por lo me ate;
495 1731 1215 1790 activies, ana olo mar mil sive us justice.
441 1776 1206 1832 men vil de esa to negroplente or abali¬
453 1814 1209 1876 pien pe prope yo men momen y no pue¬
441 1865 1215 1921 en pata gran moners do por sinre nes.
441 1913 2012 1966 pur detener las en las ene sola en do se prosas arramanarios ha angalargino
444 1946 1221 2014 mar un ala con no socia las mue mecer
450 1994 1218 2047 pone damentos que me pener mer vil len¬
447 2032 1218 2088 in en las no es nemeta una cante
447 2077 1639 2133 mer diaren ana y la vonr que lo que lo que le ha hecho ramos.
453 2122 835 2175 que conta que conen.
498 2164 1224 2220 me taste is nos in que hande Ler us go for¬
462 2209 1224 2262 para un de vetre es near ma la mi ue to
456 2250 1209 2303 na no ponen or que prarne n vión de si¬
453 2295 1215 2348 yo de erruna sen vin al momen de
453 2334 1218 2393 de tenen centre pon camor rer ine¬
468 2382 1221 2435 de ser moy ana von vil deserve de honoro
465 2424 1224 2480 bene calea tue ponen y fue centur y
462 2468 806 2521 amar ma justice.
498 2519 1224 2569 La Redacción de "HERALDO DE LA MU.
462 2561 1227 2614 TER envía un reconante aplango a la niña
465 2606 725 2656 Cariota Mendez.
492 2650 1030 2706 ¡Paso á las mujeres del porvenir.
498 2698 1224 2751 puertorriquenas prenden a marenar a la
459 2740 892 2793 vaguarda del progreo.
498 2785 1215 2841 No llega hasta vuestra alma la quina esen¬
1528 519 2003 575 HERALDO DE LA MUJER
1247 647 1474 700 neraciona 3
1289 689 2012 751 En el proximo número lo publicaremos en es¬
1256 740 2018 793 paño, para que puedan apreciar sus hemosos
1256 779 2006 834 conceptos, hasta muestras vimidas mujeres del
1259 820 1337 876 per.
1489 919 1755 975 MUNDIAL
1782 955 1976 1008 Por Ateme.
1247 993 1707 1049 Lo que dicen los Alemanes;
1310 1035 2015 1103 El derecho y la justicia están con Wilson.
1247 1077 1671 1139 y la lostra con blando
1280 1128 2012 1181 Al tratar de pune, periódicos de Berín, ma¬
1244 1170 2009 1223 niñestan que tala ha violado la ley de la pro¬
1256 1217 2012 1270 pa determinación en favor de prancia en al¬
1250 1256 2006 1312 acia Lorena y el patrio de sar y en favor de
1256 1301 2006 1357 los crechoesivacos en la Bolenia alemana y
1250 1340 2006 1399 en otros suios y logramente ella no por es¬
1253 1391 1854 1441 perar los mismo en su favor en mume¬
1298 1426 2015 1485 tala que abandonó a sus amigos alados
1247 1471 2012 1530 solamente para realizar sus aspiraciones y se
1247 1516 2009 1572 quivoce porque esas aspiraciones resultan en
1256 1558 2009 1617 vano, apesar de los meros sarincios que por¬
1247 1605 1510 1655 alcanarios hu¬
1283 1644 2009 1700 Y agregan, que inglaterra es quien mantie¬
1253 1689 2006 1745 ne este estado de cosas, y la que inquina para
1253 1734 2000 1787 me prancia y alemnia sean siempre enenicas
1256 1779 1528 1832 Francis amies.
1286 1820 2009 1876 En ortez, población francesa, escribía en
1259 1865 2009 1921 que se venos amicamente hetrodoros y
1250 1958 1895 2008 poeta de muestros días Francis amos.
1286 1994 2015 2047 La cominión con la naturalera la dado á su
1259 2038 2009 2091 poesía la lara enorme y sencila originalidad
1286 2125 2003 2181 Sus versos tienen la fragancia de la campiña.
1250 2170 2012 2223 reinada sensibilidad delicioso humoramos pero
1250 2212 1752 2265 siempre reposantes de ternura.
1277 2253 1564 2309 jugne el lector:
1301 2301 2012 2357 Junto al cesto de huevos el almanaque q. lee
1259 2349 1940 2402 la niña En el más de santos y de festa¬
1262 2394 1964 2444 y del tiempo que hara puede ver los celestes
1256 2438 1991 2488 amos; Camero poro Cabra Peros lostera.
1286 2480 1937 2533 A mensa, como es una mina del campo¬
1259 2528 2012 2578 a en las constelaciones tan brinantes, tan altas.
1253 2567 2006 2620 hay mercados ignales a los de amí, con nos
1256 2612 2018 2665 con cameros con oros con peces y con abras.
1289 2653 2012 2706 sin duda es el mercado de cio lo que le¬
1259 2698 1982 2748 y en el seno de Libra la página de vuela.
1253 2743 1982 2796 pensa que ala en el cielo como en la tiera
1895 2785 2015 2835 deben
1041 3056 1439 3106 Ayuntamiento de Madrid
