2479 3508
346 480 859 536 HERALDO DE LA MUJER.
665 570 1639 634 MUJERES DE LAS TRES AMERICAS
391 659 1158 718 El Consejo Consultivo de la Alianza Femenina
358 707 1146 763 Lagno americana, sera presidido por los Car¬
367 752 1143 808 rie Chapan Cate presidenta de la alama mu¬
367 796 1155 855 temacional de Mujeres americanas, y de Mrs.
364 841 1038 894 Fante y santer seretara de la mina.
397 886 1158 945 Ambas son muy conocidas por sus trabajos
370 931 1155 987 mominentes en favor del derecho de la mujer.
373 976 1152 1035 Curos retratos publicaremos en el prosimo no¬
370 1029 465 1082 mero
412 1071 1161 1127 Con el objeto de auxiliar á la mujer en la
373 1116 1155 1178 Conterencia cientes Pan americana, las mu¬
373 1161 1158 1229 jeres de bragua bajo la etatura de la pra.
373 1205 1164 1267 Panina tos de Montevideo, han remirado
370 1253 1155 1312 ma Conte local para trabajar con el intema¬
370 1298 1161 1357 sional mete esta compuesto de al representan¬
370 1340 1161 1402 los de las tres americas La quina ención de
370 1385 1161 1449 acción Femenina gran encial del conseio Na.
382 1426 1164 1491 sional de Mujeres de pruena, esta dedicado
376 1477 1062 1539 los trabajos del Conue pan americano.
426 1519 1170 1578 La pra alce amiton de clicaso ha sido
376 1573 1164 1632 nombrada profesora auxiliar de higiene indus.
376 1620 1161 1679 rial en la Harvana Medien ellool, La Sra.
376 1671 1086 1730 Hamilton es una notable bacterologista.
423 1716 1173 1775 Es interesante saber que la República de
376 1758 1167 1820 Cuba, fué la primera entre los países latmo
385 1806 1167 1870 americanos en establecer una escuelas de mures.
382 1850 1009 1912 la cual fué merada a la de medicina.
412 1892 1164 1957 mue fundada en 190o y su primera presiente
382 1943 1167 2002 honoraria fué la Sra. América Aris de domer.
391 1985 1140 2050 esposa del primer presidente de la República.
423 2035 1170 2097 —Ha sido Argentina el sólo país americano.
385 2080 1173 2145 en el cual el gobierno la conterido encialmente.
391 2128 1179 2190 la Administración de caridad a los mujeres la
388 2170 1173 2235 Sra, Jula tanter de pensay que recientemen¬
388 2218 1179 2279 le preanino el partido reminista en buenos A.
388 2256 1179 2324 res inste en que bajo la constición del país
388 2301 1173 2372 las mujeres poseen los mismos derenos que el
394 2367 537 2417 hombre.
444 2403 1182 2468 —La Sra. Carmen Torres de Piñillos, una
397 2516 1185 2587 pesar también la sal, el café y las conciencias.
432 2582 1182 2647 Tiene Jammes tres novelas deliciosas en un
397 2630 1182 2697 tomo Cara de Enebense almaida de tremont.
397 2683 737 2739 Mangana de Ame¬
438 2743 1194 2802 Tres tinos distintos de mujeres la cavilosa
400 2785 1194 2853 imaginativa, la apasionada y la timida e ino¬
1191 647 1970 712 prominente dama del Perú, miembro de la Jun¬
1191 689 1967 754 ta quiliar femenina de la unión pan america.
1194 734 1973 796 na, espone su creencia de que la escoloria de
1188 779 1976 840 mpueblo en orden a en apreciación en los ama¬
1188 823 1976 885 entes contraricciones que eristen enre sus iden
1197 871 1979 933 las vaspiraciones en el preso de su desenvol¬
1200 916 1976 975 imiento, es de capital importancia, en la rea¬
1197 964 1839 1026 miración del trabajo cívien de la mujer.
1221 1002 1985 1067 Es esto un facto importante en la organiza¬
1191 1047 1982 1112 nación de la Alama latino americana pues¬
1203 1092 1979 1160 las mujeres de los pates latinos aspiran al su¬
1197 1143 1985 1202 racio miversal y en esto hay ma aparente
1194 1196 1418 1249 contración
1224 1226 1985 1291 Pues las latino americanas temen la crítica
1206 1274 1985 1339 del crenlo que las rodea, más que ninguna otra.
1203 1316 1985 1390 y esto de lugar á una deprimente amatera de
1206 1364 1985 1429 posición que para ser poderosa si no se la
1200 1417 1447 1473 marretas.
1236 1453 1988 1515 Todavía no ha reperentido mucho este con¬
1200 1495 1988 1560 tacio en la mujer del Pera, respecto á su de¬
1206 1549 1662 1608 senvolvimiento melectual.
1230 1588 2000 1653 La Sra. Lastenia Larriva de Llona, de La
1206 1629 1988 1697 mujer Parnama, y las Srtas pora hacer y
1209 1665 1982 1745 Mienerna acosta, arreroras de la brines:
1206 1722 2000 1787 de Lima, son dignísimas representantes de la
1209 1776 1615 1835 intelectualidad pernana.
1253 1812 1997 1873 Han aceptado la representación, como
1206 1853 1991 1924 miembros de la Alana Femenina atmo Ame¬
1209 1901 2000 1966 ricana, en puerto Rico, además de las indicadas
1218 1943 1994 2014 en nuestro número anterior, la Sra Mercedes
1215 1991 1997 2059 a de Rernander sera de cuavama Srta Am¬
1212 2032 1997 2106 paro Rernanden de San Juan y Sra. Mercedes
1215 2080 2000 2151 laborde de rores de Juana paz, en santo
1212 2134 1722 2193 Domingo las Srtas de mostos.
1713 2173 1973 2223 La Redacción.
1241 2286 1997 2354 Envíe un cheque por 15 centavos, y se le re¬
1212 2334 1955 2405 mitirá qurante tres meses esta publicación.
1244 2379 2006 2447 Escriba hoy a la administradora, Rio piedras.
1253 2492 2006 2560 De las primeras se ha dicho. "Es una mujer
1224 2537 2009 2608 de ensueño, más que criatura viviente, es una
1233 2585 2009 2656 pintura al bastel Nada falta ni sobra es
1227 2636 1570 2697 una obra perfectar.
1253 2677 2015 2742 Amaida y Manzana de Anís son muchachas
1227 2719 2015 2787 encantadoras que sonren con sonria de dolor
1230 2770 2009 2835 La historia de las tres muchachas conmuere y
1230 2830 1358 2880 delerta.
1038 3107 1453 3160 Ayuntamiento de Madrid
