2479 3508
1510 504 2018 560 HERALDO DE LA MUJER.
474 695 1206 745 HERALDO DE LA MUJER saluda afectuo.
453 740 1209 793 samente a la culta ciudad de San Juan y a su¬
453 784 677 837 en prensa.
456 838 1206 900 A jenas a nuestra voluntad.—Han sido las cau¬
453 883 1212 936 de la interupción surida por nuestra revis¬
453 928 1212 978 a la marena de la gran america puprer de
453 973 1209 1023 Lones hija de muestra directora, para los Esta.
462 1014 1218 1067 los finidos con toda sa amina mos obugo
459 1056 1212 1109 mentarnos de la cula sidad de mumaca.
459 1101 1215 1154 donde dejanos con pena numerosos amigos que
462 1146 644 1199 sumamos.
501 1191 1218 1241 La dificultad de conseguir una imprenta en
459 1229 1209 1282 san Juan la permano la sando de perioro.
462 1274 1215 1327 pero los suscriptores no pagarán el tiempo de
459 1322 650 1372 pension.
459 1370 1215 1429 Amigos viajeros.—Han embarcado para los Es¬
465 1411 1224 1464 manos rinitos la era igade a de aguiar Srta.
468 1456 1215 1506 Canina atetro Sra ponera, o de cartacena.
459 1498 1218 1548 No col vencia y senora para papaña Sra.
459 1537 1221 1596 Panta de peso de tal, Decamos impresiones.
459 1588 880 1641 agradables los vajer.
468 1641 1221 1703 Azahares.—Han unido sus destinos en Ponce
468 1680 1221 1742 á ustinguida enorta ante Ronagueras y el
468 1728 1218 1787 pren Manuel pabresas de San Juan, y la semor.
465 1770 1221 1823 a nosaluda patardo con el se ames en la¬
468 1814 1227 1873 yaguez que la iosa de la pelicidad los sonria
468 1859 680 1909 anamente
465 1913 1224 1975 Riblioteca de Caguas.—A iniciativa de los ma¬
468 1955 1221 2014 nes no presidente es el Sr. Santos sueli¬
465 1997 1227 2053 ran de tan eatrando grandes mejoras en
465 2038 1227 2097 la altruna cinas del rurado no solo la pino¬
465 2086 1224 2139 tar, sino los asilos de niños pobres y de mu¬
474 2128 1236 2184 perdalosos a favor de cual e acaba de hacer
474 2170 1236 2226 ma Reta en el entro arrelas, con un len¬
471 2212 1227 2271 desportante pues cagnas es una ciudad que se
474 2256 1233 2315 una con entusias tan obra de progreso
477 2301 1233 2357 penencencia La señora esposa de queño del
474 2349 809 2402 estro seno el boca.
513 2388 1233 2444 El Asilo de pesamparados sostiene ya 50 po¬
477 2430 1233 2488 pas Estos hermosos ejemplos son dignos de
477 2480 644 2533 minación.
486 2534 1233 2596 Ro etín Histórico de Puerto Rico.—Hemos re¬
486 2576 1236 2635 bido el fumo número de tan motable publi¬
486 2618 1236 2680 nación leno de datos interesantes para nuestra
477 2662 1238 2718 nistoria patria podo el que ame a su país debe¬
483 2707 1238 2763 superibase a tan indepensable publicación.
486 2749 1238 2808 rambien hemos recibido algunos poletines lel
483 2797 1092 2850 Colegio de Agricultura de Mayaguez.
1244 599 2003 661 Deploramos.—Los horrorosos incendios de Are¬
1241 644 2000 697 con y de lavaser este quino que tantes y
1247 689 2003 742 los la cotado sobre todo minos parece la sa¬
1250 731 2006 790 producido por una bomba criminal, por es lo¬
1247 779 1349 829 rrible.
1247 832 2006 891 ver.—Mucho se interesa este representante
1250 871 2006 933 por el benestar de Puerto Rico, capandose
1247 919 1555 972 muestras simpatos.
1283 964 2003 1014 Este pueblo digno, nunca olvida á sus bene¬
1253 1002 2006 1058 actores como tampoto olvida á sus derraciores.
1259 1062 2003 1124 Fiercicios de graducción.—Llena el alma de sa¬
1256 1107 2006 1163 gración considerar el adelanto que en el can¬
1256 1152 2009 1208 po intelemal, realiza la isla y sobre todo la
1247 1196 1525 1246 mujer cada no¬
1277 1235 2006 1288 En la universidad, el número de mujeres gra¬
1256 1280 2012 1333 madas supera al de los hombres en toda la
1253 1319 2012 1378 ilo estos actos han reresado la plenidad que
1259 1364 2009 1420 eno requiere es la marena triunfal hacia el
1256 1405 2012 1464 progreso que realiza Puerto Rico con el aplan¬
1256 1453 2018 1506 o el perio del pate entero de el gueno re¬
1259 1492 2015 1551 adas de los acosta palorior coriado y
1262 1540 2015 1596 todos amelos pronombres llenos de patriotismo
1262 1579 2015 1641 que precenieron el colegio puertorriqueno la
1259 1629 1606 1682 endo grito tambien
1295 1665 2015 1721 Cerrar los remplos del saber jamás muli¬
1268 1713 2015 1772 picarlos hasta el infinito, es la aspiración una.
1259 1761 1352 1814 mine¬
1265 1809 2015 1873 Fl Feminismo y la religión Hemos visto con¬
1256 1853 2018 1912 Senado en muestro apreciable colega El ami¬
1259 1898 2018 1960 go de todos que el feminismo no des esisti¬
1262 1946 1447 2002 in rengión.
1304 1985 2021 2041 Creemos que el antor de ese dicho no ha re¬
1265 2026 1758 2085 amaciado pien sus concenos.
1292 2068 2018 2127 El feminismo, que es la aspiración de la mu¬
1265 2116 2021 2175 jer que se le reconoran sus derelos que,
1271 2158 2021 2217 mo ciudadana de un país deneralico le es¬
1265 2200 2021 2259 responden, no tiene ninsin punto de contacio
1268 2241 2021 2306 ni en pro n en contra de religión determinada.
1304 2286 2024 2345 Es una aspiración polica, común a todas las
1271 2328 2027 2390 religiones y que no perindica á erencia alen¬
1271 2373 2033 2432 na á los hombres no se le exige determinada
1271 2415 2030 2477 religión para hacer uno del voro y del mismo
1274 2465 1839 2521 modo dede considerarse a la mujer.
1301 2501 2033 2566 Por fortuna vemos que todas las instituciones
1277 2546 2030 2608 religiosas verdaderamente cristianas favorecen
1280 2600 1662 2653 tan estina aspiración.
1277 2650 2036 2715 a Liga Antituberculosa.—La Legislatura ha
1280 2695 1851 2757 sionado seo que para un antoria.
1319 2734 2039 2793 Y la Liga ha nombrado nueva directiva, bajo
1277 2776 2036 2838 la presidencia de la Sra dula Cotes de La.
725 620 949 673 SOCIAL
1041 3065 1444 3118 Ayuntamiento de Madrid
