2479 3508
441 525 937 578 HERALDO DE LA MUJER.
480 695 1218 760 Por fin, por fin derrotaron, en nuestra flaman¬
447 743 955 802 de Camara el vuto de la mujer.
480 787 1203 846 Las palomas para el mido el jeón para el con¬
447 829 1212 888 bates y el progreso, cual intre enrimbolo, con¬
447 874 680 927 ta un came
480 916 1212 978 La parte del León es claro, prevaleció en la
447 958 1209 1020 Camara mo lo que sus claramente bien camos
447 1005 1209 1061 rado cual que mero Contipuros minon¬
450 1047 1110 1106 representaron las trante mor de contado.
480 1098 1218 1157 No hubiera hecho menos muromía, y enán
444 1143 1209 1205 tiempo, cuando pancia y Estados Unidos.
441 1188 1116 1243 gala de amoremos mentos derechos.
486 1235 1209 1288 Se de Puerto Rico permanos parte de la
444 1274 1209 1330 nación más bre del mundo entero donde es
450 1316 1209 1375 bre la americana la santomena, la mupia, la
450 1361 1209 1417 lavavana la esquinal de Alusta, la nuina cie¬
447 1402 1212 1461 pre todas las para solo la puertorriqueña.
447 1447 1203 1503 es la estantena centosa y aclava, la pobre.
447 1489 1200 1548 la paran las ene anto es ibre.
477 1534 1206 1590 pre quera y patener mostron el mi a la
450 1582 1206 1632 mujer y andando como el cangrelos también
456 1620 570 1676 Vade
480 1668 1212 1721 Pero eso sí, son nuestros feministas muy core.
450 1710 1212 1763 teros ameno de angel bello de lada primoro¬
450 1755 1209 1808 sa y de el quino de dor preciosa de los jar¬
444 1794 1203 1850 ques del cielo que para consuelo de los mora¬
447 1832 1053 1891 los en males quinas viera luego.
492 1874 1203 1936 No, inde esa hura de negro y biendo ca¬
441 1994 1206 2047 zaro. Tanto tan distinguida señora, como las de¬
447 2038 1209 2091 más que componen esta sociedad, son una sa¬
441 2080 1041 2133 vantas de to nuestra eletación.
453 2125 1212 2181 Los artículos cienticos leemos con verdo
447 2167 1206 2220 dera deleración los pubncados en la Mun¬
447 2212 1203 2265 do por el camino de la Ciencia marlan los
444 2256 794 2312 pueblos a la Mujer.
447 2304 1218 2354 Obitos.—Ha dejado de existir en Humacao don
444 2352 1209 2402 de Lena, padre de la Sra orosa Lena de
444 2391 1203 2444 Pana presidenta del Comite local de la Laga
450 2435 600 2488 reminen.
489 2480 1032 2533 En Isabela, don Nicandro García.
486 2522 1209 2575 Nuestro antigno amigo el patriota don Pepe¬
450 2570 1209 2620 Nater de esa para don Casintro Marnen.
444 2609 665 2662 de mumacas.
486 2656 1206 2706 Enviamos a todos sus familiares nuestra con¬
450 2698 603 2748 lencia.
456 2779 1218 2835 maternidades revista espirista dirigida por¬
453 2743 1486 2796 periódicos.—Nos han visitado, de Puerto Rico, lioso obsequio.
1071 629 1403 682 PLUMAZOS
1250 710 2006 763 bello Ojos de soles con resplandores, y pesta¬
1244 752 2003 805 las de erupelo posita de pinon dientes de
1244 796 2006 849 penas y otras y tras nardalas pen mala¬
1247 838 2003 891 deras conque a la mujer metenen esos seno¬
1241 880 2012 936 pe dejarlas ineras quieno como la otra de
1250 925 2000 978 la conseina al Sr. Cueros quientate con la
1247 970 2000 1020 onias mientras yo tamado dientero el queso:
1250 1014 2003 1070 por eso naciste mujer y sinde en la tierra cla¬
1241 1056 1624 1112 sea de buen condero
1271 1101 2006 1154 En tanto, en tanto el trabajo del hombre va
1247 1149 2006 1199 por los cielos, y el de la pobre obrera, hasta mi¬
1241 1191 2006 1241 radesuelo al an ahora aprobade la sido el
1247 1229 2006 1282 ir de salario minimor algo es algos aunque
1247 1274 2012 1330 debera ser igna el galario de muestra obrera,
1241 1316 1922 1372 el tiempo y la enciencia enales fueran¬
1271 1364 2009 1420 An, pobre obrera, Fa intela, no trabajas
1247 1402 2003 1458 por la apera ni para intosicarte con pabelas
1250 1447 2003 1500 Solo te arenas para tus hijos que ma esposo la
1250 1495 1650 1545 endo sin pan ni abrigo.
1271 1534 2006 1587 Felicitemos, pues, a la obrera, porque algo ha¬
1247 1576 2000 1629 conseguido del lodo un pelo al menos esos le¬
1241 1623 2000 1676 intadores han sido humanos Dios los proteia.
1250 1662 2000 1721 para que el presino ago todos aprendan se¬
1247 1707 2003 1760 hombres progresistas a la moderna e imien
1241 1752 2006 1805 los posos que ya son de este sielo despojados
1241 1791 2006 1847 completamente de prejuicios cados, de los
1241 1838 1719 1891 empos idos de las calendas.
1848 1880 1961 1933 Lotos.
1241 1991 1994 2044 el notable poeta Sr. Ramón Negrón Flores, y
1241 2038 2000 2088 administrada por la Srta Rosario Beber Lar.
1244 2074 1994 2136 a vida los deseamos pel perra, la ernos y
1247 2113 2000 2172 mujer pemana de pranil Revista Femi¬
1238 2161 2003 2217 nina, de Meico. La Mujer modernar, de
1247 2209 2006 2259 Montevideo acción Femeninar el alumon.
1241 2253 2000 2303 mero de panelo pero el bellamente pre¬
1244 2295 2003 2348 entado cada día, hace progresos la prensa pue¬
1250 2343 1424 2393 riqueña.
1241 2385 2000 2441 procedente de Juana Díaz.—Hemos tenido el
1244 2432 2000 2482 gusto de saludar a doña Mercedes L. de rores,
1241 2471 1695 2524 presidenta de aquel Conte.
1250 2522 2000 2581 Tipos y Caracteres.—Con una expresiva dedi¬
1241 2564 1997 2617 atoria hemos recibido este interesante bro del
1244 2612 2003 2662 Maestro del que nos ocuparemos en el número
1241 2656 1397 2706 prosimo.
1289 2695 2003 2745 Nuestras más cordiales gracias por tan va¬
1612 2782 1970 2835 Margarita del Prado.
1044 3059 1450 3109 Ayuntamiento de Madrid
