2479 3508
573 662 1824 727 que es la mi¬
835 1149 1549 1208 Año I. 4 No. 22. 4
758 1477 1636 1533 LA CUER
776 1638 1752 1694 Es la mujer, es la madre, la que civiliza
635 1713 994 1766 a los pueblos,
776 1829 1749 1894 Dadme madres educadas, y virtuosas, y
653 1904 1465 1957 el pueblo será culto y moralizado.
779 2023 1737 2073 Dadme madres ilustradas, y el pueblo.
656 2092 1728 2145 será faro esplendoroso donde brillarán con ful¬
659 2164 1743 2220 gor inextinguible, las Ciencias, las Artes, la
656 2235 1737 2288 Poesía y la Literatura, ésa que cultiva los gran¬
650 2310 1740 2363 des ideales de la Humanidad, y va iluminando
656 2379 1740 2435 los senderos do la piqueta de la Ciencia va des¬
659 2456 1606 2509 cubriendo los arcanos de lo desconocido.
847 2800 1549 2850 Tip. Compañía Tipográfica El Compás, Cristo 8
1080 2839 1319 2889 San Juan, es¬
1185 3113 1459 3166 iento de Madrid
