2479 3508
385 414 2179 473 9000000909
632 596 1955 649 TO S
829 767 1746 817 F. 1 Co.
388 1782 2083 1856 ESPANOLAS, CORSETS, PANUELOS. TELAS FINAS DE SEDA Y ALCODON.
737 1889 1830 1942 TOS pana negalo
949 1985 1606 2038 TODO NUEVO, PRIMOROSO,
946 2077 1609 2127 TODO CHICA TODO PRECIOSO,
665 2197 1886 2250 VENGA UD. Y LO VERA.
385 2280 2170 2330 gene
686 1450 1874 1500 artículos que se recomiendan por si solos.
385 1540 2077 1593 ( TRALES. FALDAS, KIMONAS. BLUSAS, BATAS, ABANICOS, SOMBRILLAS,
388 1626 2068 1682 G SOMBREROS ELEGANTISIMOS, VELOS PARA LA CARA. GUANTES, CINTAS.
391 1704 2077 1772 O ENCAJES, BORDADOS, ADORNOS DE TODAS CLASES, CAMISAS DE HILO
453 2406 2170 2459 "HERALDO DE LA MUJER", es el periódico femenino por excelencia. El visita los hogares
382 2483 2173 2542 de las mujeres más cultas, y de los hombres más ilustrados. Toda puertoriqueña debe ser suscrip¬
382 2552 1883 2614 rora del periódico que coadyuva a la cultura de la mujer, y defiende sus derechos.
453 2624 2179 2686 Es deber de la mujer moderna ilustrarse y vivir con su época y con su siglo. Y es deber del
385 2698 1119 2760 hombre ayudarla en tan nobles empeños.
844 2824 1271 2880 FRITRINIRIRIIIIRIRIRIRIRIRIRIII.
397 2830 800 2883 N
477 2895 1188 2948 Boletín Histórico de Puerto Rico
1373 2830 2176 2886 Redactado por nuestro historiador Dr. Cayetano.
1304 2877 2128 2927 con y roste contiene la Historia de Puerto Rico.
1367 2925 2173 2975 ¿Podrá faltar obra tan interesante en la biblio¬
1107 2958 1928 3020 RERTER leca de un intelectual puertorriqueño,
2074 2967 2179 3020 Aquí.
1038 3134 1453 3187 Ayuntamiento de Madrid
