2479 3508
656 683 1770 784 ILLINA
426 955 1928 1064 DE IVIEL PARA LL DELLU LA
573 1158 1937 1264 Debido al gran éxito que hemos alcanzado con nuestra Pomada
403 1241 1931 1351 Cutánea RELITA en la curación de las pecas y manchas del cutis, han em¬
397 1331 1925 1438 pezado ya a lanzarse al mercado muchas IMITACIONES de nuestro pro¬
388 1417 1934 1530 ducto con nombres más o menos sugestivos; pero en beneficio de nuestra
382 1504 1922 1617 numerosa clientela nos apresuramos a advertirle que no acepte bajo nin¬
331 1600 1218 1676 gún concento SUSTITUTOS de nuestra
373 1931 1916 2038 pues de seguro no obtendrán el resultado satisfactorio que obtienen con la
370 2012 1907 2127 muestr. Muchas CREMAS CUTANEAS debido á los ingredientes que
370 2098 1904 2211 entran en su elaboración HACEN SALIR VELLOS en el cutis los cuales
364 2191 1630 2291 como es muy sabido afean notablemente el rostro femenino.
507 1794 1716 1897 FOada la
361 2355 1883 2462 Si su farmacentico no tiene la Pomada "LELIA"
797 2459 1421 2539 Pidala directamente;
510 2737 1722 2838 UHIA DEL PIO CU
650 2847 1537 2936 JUANA DIAZ, PTO RICO.
1032 3134 1453 3184 Ayuntamiento de Madrid
