2479 3508
1122 390 1531 446 HERALDO DE LA MUJER
725 519 1943 578 novelas puertorriquenas
1161 626 1462 679 POR
994 737 1648 793 Ana oque de upren
525 982 1573 1040 En dos elegantes tomitos se publicarán las siguientes:
492 1125 1119 1187 EL REY DEL MUNDO (Premiada)
495 1202 788 1255 LUZ Y SOMBRA
495 1274 1059 1330 LAS HIAS DEL SOL Cuento
492 1349 829 1405 ANDINA Cuenta)
498 1420 1122 1479 LA VIRGEN DEL MAR Leyenda)
492 1495 925 1548 EL RAMO DE LACINTOS
489 1564 907 1623 GOOD BUE FOREVER
495 1641 1292 1700 EL SECRETO DE UNA SOLTERA (Premiada)
1501 1134 1889 1187 FLOR DEL PANTANO
1507 1205 2074 1264 UNA LECCIÓN DE ASTRONOMIA
1501 1280 2095 1333 LA SERENATA DE LOS ANGELES
1504 1352 2110 1414 EL HADA DEL SORATA CCuento
1501 1426 1704 1479 FLABELLA
1495 1495 1985 1557 IIN LANCE DE CARNAVAL
1501 1573 1698 1623 SIN ALMA
1480 1647 2125 1706 LA FIESTA DE REYES (Premiada)
522 1791 2024 1856 El o por 100 del producto de cada tomo se dedicará a obras de beneficencia.
531 1847 2203 1915 Lo que corresponda al primer tomo, será entregado al Instituto de Bienestar Social,
397 1904 2161 1963 para ayudar con algo a la implantación de la Casa Reformatoria de jóvenes desamparados.
531 1949 1931 2011 Las personas que deseen suscribirse al primer tomo, se servirán avisarlo.
955 2038 1642 2094 SU PRECIO SERA UN DOLLAR
1092 2173 1507 2226 SE
883 2298 1582 2366 O ADENCION
1609 2307 1713 2357 N
522 2397 2203 2465 Se suplica á las personas a quienes se les ha enviado el periódico y lo han aceptado re¬
394 2447 2209 2518 teniéndolo, remitan el importe de la suscripción, para poder atender a los gastos de imprenta¬
397 2498 1439 2557 que por las circunstancias actuales, son muy crecidos.
525 2549 2194 2623 A las señoras que les hemos enviado recibos esperamos de su corrección y honorabili¬
400 2600 907 2656 dad, los satisfagan pronto.
531 2653 2209 2727 Los que recibieren este periódico y no lo devuelvan, o avisen de su no aceptación, se
397 2704 940 2757 les considerará suscriptores.
522 2758 2200 2829 Solo a personas que gozan de buena reputación por su honradez, o que conocemos, nos
391 2809 2212 2883 decidimos a enviarselo, confiando en que no serán capaces de defraudar una empresa naciente
382 2868 1474 2921 y patriótica que debe protegerse en todo país civilizado.
1035 3131 1456 3184 Ayuntamiento de Madrid
1531 2979 2065 3038 La ministración.
