2479 3508
1619 455 1946 521 VIII.
564 459 1498 518 Gu aue en la
656 602 1794 661 Representante en Puerto Rico de la Alianza Internacional de Mujeres
725 781 1710 837 y la gran mo los
403 549 2042 614 REVISTA MENSUAL DEFENSORA DE LOS DERECHOS DE LA MUJER
474 671 2080 733 E DIRECTORA ADMINISTRADORA ANA ROQUE DE DUPREYES
304 731 2131 796 LEMAN LAS ARTOGRACIAS Y DENOGRACIAS. A MEDIAS ESTAN CONDENADAS A DESAPARECES, MARRI.
1047 853 1418 903 COLABORADORAS
406 889 1334 957 Trina Padilla de Sanz La Hija del Caribe)..............
409 937 1337 1005 Teresita Maneral de Cetero niñala....
414 985 1337 1049 Cumela mule Sanimo......................
406 1032 1334 1094 Amparo Pernander Mujer.
406 1077 1334 1142 Los amela de Hostos asu alma.
412 1119 1331 1187 De pon Manuel perinde, unos..........................
403 1170 1340 1232 DE Don Francisco del Vale Alles.
1367 904 1743 960 A. F. de M. CAteme)
1367 949 1713 1002 Sisla Arce de Astol
1373 996 2033 1049 Carmen darcía de quintero Esmerado
1373 1041 1680 1091 Concita Melender
1376 1086 2113 1145 María Angelina de Hostos........................
1370 1134 1877 1187 DE Don avetano col y poste
1373 1179 1734 1232 perdinana R. Cestero
570 1283 862 1339 USCRECIÓN
304 1328 1119 1396 Un trimestre (pago adelantado............
313 1376 1122 1438 Va trimestre en el estrante.. 190
310 1417 1125 1485 un emente lo
1612 1292 1854 1342 FUNCOS
1325 1343 2140 1396 1 página.....
1331 1388 2143 1441 la página 9
1331 1435 2140 1488 y página 9
540 2376 1886 2444 España a la cabeza del Feminismo...... Celsia Regis
537 2468 1883 2533 Mundial teme¬
534 2555 1883 2623 Protección a la Infancia................. Celsia Regis
543 2644 1871 2715 Good bue forever.......................... Ana Roqué de Dupre
534 2737 1880 2802 Social. Margarita del Prado
528 2827 1886 2894 Derechos de las Mujeres................ Augusto de Lima
979 1668 1480 1721 SUMARIO
543 1746 1883 1808 Sociedad Astronómica de Francia.............. Ana Roqué de Duprey
543 1835 1886 1900 No ha llegado la hora...................... Heraldo de la Mujer
540 1925 1889 1990 El Poeta y lo Desconocido....................... Concha Meléndez
537 2015 1889 2079 Niveo. Luisa Amelia de Hostos
543 2104 1883 2169 Los Aguinados.............. Federico Urbaca¬
540 2194 1886 2262 Niños y Escuelas............. Ana Roqué de Duprey
537 2286 1883 2348 Parabola............................. Iitación de Anangé
310 1567 2137 1635 Entered as secon ellas mater lune la jos, al de Pos ofice a San Juan, P. R...
1092 2997 1328 3050 MODAS.
1035 3149 1456 3202 Ayuntamiento de Madrid
