2479 3508
904 372 1525 431 Y HERALDO DE LA MUJER
594 461 1797 542 Siripian Anfrunúmira de Mratria
1564 877 2071 942 Gabrielle Camille Flammarion.
1328 949 2137 1011 A la honrosísima invitación que se han servido
1253 982 2143 1046 nacemos los esposos plamaron nosotros correspon
1253 1017 2137 1082 Hemos gustose mues es un honor que estimaner en
1253 1056 2140 1121 meto el pertenecer a esa hermosa sociedada fundada
1259 1092 2140 1166 por el ilustre ellamaron, para reguir en una fami¬
1268 1131 2134 1193 muje en aceneriante de pie de uno memper es
1253 1164 2134 1232 amane es pla lugue los representan las nos
1250 1199 2131 1267 nuonses de nues las pranenes de acapite man
1250 1241 2128 1306 dan tus les pas eserán leemos en sus estalutos.
1328 1292 2131 1354 Vamos a esa Sociedad con el propósito de honrar
1250 1325 2128 1393 PO Ro aportante muespo sano de arena a la
1247 1364 2131 1429 Ciencay al progreso observando desas esta mena no¬
1247 1402 2131 1467 peal, nuestro esplendorono cielos tan pico en agros.
1250 1438 2122 1500 yacuando en la mentas de nuestras mueras es¬
1241 1477 2122 1536 preso de la Rema de las ciencias, LA ASTRONO.
1247 1510 2128 1575 ra que hace enarenta anos ocupa muestra atención
1247 1549 2128 1614 yane ana rindas presta al esclarecimiento de los
1241 1582 1394 1635 tras.
1307 1638 2125 1700 Al ilustre Flammarión a quien hemos admirado
1238 1674 2116 1742 toda la vida, y a su coladorapre Madame Cabriele,
1238 1707 2125 1775 fuerada esposa muestra mana y agrademen¬
1236 1746 2116 1814 eterno, por la distinción de que nos hacen objeto,
1238 1785 2122 1850 rriendonos de perran para ser admitidas a la
1244 1817 2027 1885 SOCEDAD ASTRONORICA DE FRANCIA.
1645 1904 2051 1966 ANA ROQUE DE DUPRE.
304 2023 1021 2082 Gantestación daña nor Gamille M.
304 2092 1116 2151 martun a la runsulta herha anhre las
417 2158 994 2220 runfelartuna del guntar.
501 2224 901 2279 ANUARIO ASTRONOMICO.
373 2346 1092 2405 En virta de la predicción de los equinoccios
301 2382 1089 2444 los sientos del podinco mo corresponden mas en
301 2424 1098 2480 por las congeluciones de las cuales levan el
295 2456 450 2509 hombres
1030 2471 1104 2524 ES
376 2501 1101 2560 Se parte la circunferencia del cielo mi¬
301 2537 1101 2596 formemente en la pares sues de de la
292 2573 1098 2635 ma, en la cual la numeración empera en el
292 2609 1095 2668 nuipoco de primaterna en las del ani¬
292 2647 1095 2706 pero el se entaba en el primer las del
292 2683 1098 2745 eno de amos pero Canta del perroceo reales
295 2722 1089 2784 que el so que estaba hace que anos en esa con¬
292 2758 1095 2817 estación apre una en pan en el eminero
295 2797 1089 2856 de primadera, como puede comprenderre una
292 2833 1086 2892 do una fines desde la posición de la mera el 9
289 2868 1098 2927 de maron en lo ato de esta dinerana y pron
295 2910 1098 2966 gandola seree que se que hacia la vela¬
286 2940 812 2999 Con de pres marada en go.
1035 3134 1459 3184 Ayuntamiento de Madrid
