2479 3508
928 384 1462 437 HERALDO DE LA MUJER
761 572 1605 640 Nu ha llegan la hura¬
340 743 1176 796 Aunque la humanidad, es por lo general, rehacia
271 787 1170 843 palos progreso pues no se ha dado un paso adelante
268 832 1167 888 en el mundo, sin la guiera y protesta de los san¬
268 880 1176 933 los cuando en el velos del pesino suene la hora
268 925 1167 978 agrada del adelanto de un pueblo, el progreso, como
271 970 1167 1023 ina avalancia resistible, es una, a las medades.
334 1029 1173 1082 Pues bien, después de luchar nosotros por espacio
274 1071 1167 1127 e mas de treina amos, porte la mujer puertorrique¬
268 1119 1167 1172 la tuviera el derecho de estudiar al nivel del hombre.
268 1164 1164 1217 luego, porque se nos concentera el derecho lusto y
268 1205 1167 1264 humano de votar para tratar de me pra nuestra se¬
268 1256 1170 1306 ciedad con leves que protecierran a las madres desgra¬
268 1298 1170 1351 adas y los minos desamparados, y evitar las injus¬
271 1346 1167 1399 ticias que con la débil mujer se cometen cada paso.
268 1388 1167 1441 la venido nuestra aina la convicción de que so na
268 1432 1176 1488 LLECADO LA FORA DE LA REDENCION DE LA MUJER EN
268 1474 498 1530 puesto ro.
340 1531 1170 1581 Nuestros hombres, progresistas a su manera,
271 1573 1167 1632 procuran su adelanto, luchan por mejorar su status.
271 1614 1167 1667 Pen en el ecosmo mas regnado conocido no coner¬
271 1659 1173 1712 en que sus madres sus esposas y sus mas, vayan
268 1704 1173 1757 su lado con la frente levantada, como enes con¬
268 1752 1167 1805 cientes, gozando de iguales derechos y siendo sus
268 1797 1170 1847 sociadas sus cooperadoras en la luga magna del
271 1841 832 1897 perfeccionamiento de los pueblos.
343 1895 1167 1945 Nuestros hombres, con muy raras excepciones.
268 1940 994 1993 miran con recelo los adelantos de la mujer.
343 2000 1167 2053 Los intelectuales de nuestra Edad de Oro, los
268 2047 1161 2100 Acosta. Tapia, Bran, el Caribe, Ratael del Vale,
268 2092 1167 2145 San Corelado, Sama, Dr. Alonso, Pablo morales.
271 2134 1167 2190 Canier. Julán planco, Justo Derecho, M. Elgabura,
268 2179 1161 2232 pr Coco, los Padial los Ramirer Casablanca, Mu¬
271 2226 1167 2276 os Rivera, R. Marín Baldoriory, Hostos, y tantos
271 2268 1170 2321 tantos hombres de vater como reatraron la cultura
271 2316 1164 2369 puertorriqueña en la generación que paso de la cual
268 2358 1161 2411 lo nos queda Fernander lancos, siempre el mismo.
271 2406 1170 2456 con el alma abierta a todos los progresos, y el pr¬
277 2450 1167 2500 Con y roste tan sabio y progresista como el jamás
271 2495 1167 2548 miraron con indiferencia, ni con desconfianza los
268 2540 1176 2593 vances de la mujer. y la estimalaban pues no temian
271 2588 1167 2638 que esta pudiese dejarlos desairados en las distintas
271 2630 1113 2683 materias que abarcan los conocimientos humanos.
343 2689 1170 2745 Cierto es que entonces la mujer estudiaba poco,
265 2734 1170 2787 pero del descolaron algunas cuyos méritos trataban
271 2782 1167 2835 de realzar todos, porque eran verdaderos patriotas, y
259 2824 1167 2877 sabian que todos intelectual, y sobre todo mujer, daba
265 2871 1164 2924 honra a Pro. Rico. Al donde la mujer sa ilustrada.
265 2916 1173 2969 lo será al pueblo, puesto que esistirá una escuelo en cada
265 2961 355 3014 aca¬
334 3003 1170 3059 Ahora bien. Se nos ha asegurado que nuestra
1212 743 2104 796 Legislatura de 192, no aprobará el Bill del Sufragio
1212 787 1382 840 En uno.
1283 844 2107 897 Nuestro pueblo sigue erree que erre tomando el
1206 886 1940 939 rabano por las hojas respecto al feminismo.
1277 931 2110 984 La mayor parte de nuestras mujeres cree que ser
1212 976 2107 1032 feminista es ser marmacho, vivir fuera del hogar,
1215 1020 2107 1073 letándolo abandonados contar sus hijos a las sirvien¬
1218 1065 2101 1118 las no suparse en trabajos de mujer, andar á por¬
1215 1113 2110 1169 cajadas a caballo por los campos buscando electores,
1215 1158 2107 1211 para conquistar puestos, eta, ete. Nada, las hojas del
1206 1199 1343 1252 abano¬
1277 1253 2110 1309 ¿Donde tendrán la sesera esas mujeres esos
1206 1298 2104 1351 hombres, pues hay muchos a también comensamos;
1277 1346 2116 1399 Nosotros creemos que esas son las predica de
1206 1388 2110 1444 los hombres egoistas y retrogrados, se nos hace duro
1206 1432 2107 1488 rerlos ignorantes de esos hombres despose dos de
1206 1477 2110 1533 merito alguno que predican eso, para imper que la
1206 1522 2104 1578 mujer salga de sus rincones, y los destumbre con su
1206 1573 1988 1623 buen criterio y sensatez, nobleza y desinteres.
1283 1620 2113 1676 Rezagado, pues, Pto Rico con respecto a España
1206 1665 2101 1718 su antigua metropoli, que ha reaccionado gallarda¬
1212 1710 2104 1766 mente aceptando las ideas molernas, y respecto á su
1206 1755 2104 1811 nueva metiópol, americana, que camina, ella y sus
1206 1800 2104 1859 colonias, a la vanguardia de los pueblos humanos,
1206 1844 2101 1900 siendo esa nora, la que mepor que otra alguna, de¬
1212 1889 2104 1945 muestra su mayor cultura, parece que no le preocupa
1206 1937 2104 1990 su actitud desairada á la zaga de tanta gloria, con la
1209 1982 2107 2038 apariencia de un cangrejito á quien molesta los res.
1215 2023 1737 2079 plandores de la época moderna.
1286 2071 1880 2124 bien esta, no habrá llegado su hora.
1280 2122 2098 2178 Parece que los puertorriqueños, casi en general,
1209 2167 2104 2220 rechazan el feminismo; le temen quizás, y creemos
1212 2215 2107 2268 que sería lo más prudente dejarles dormir Cuando
1212 2259 2104 2309 llegue la hora YA DESPERTARAN, LO QUE
1215 2301 1573 2357 HA DE SER SERA.
1283 2358 2101 2408 Ahora vemos a los obreras levantar la bandera
1212 2403 1931 2453 del feminismo; tienen toda nuestra simparía.
1280 2447 2101 2497 Dios las ayude. Se ve que en la humanidad las
1212 2504 2107 2554 eas progresistas hacen su evolución siempre de
1206 2546 2039 2596 abajo arriba, ejemplo tenemos en el cristianismo.
1274 2591 2110 2644 La burguesta ha sido en todos los casos la última
1206 2633 2101 2686 en llegar al cabo de la cale, y eso cuando no ha eni¬
1209 2680 1812 2730 do más remedio que echar adelante.
1277 2731 2104 2784 Trabajemos por el progreso de la mujer, ya que
1206 2779 2110 2829 el reconocimiento de sus derechos parece tan lejano.
1203 2824 2101 2877 Este periódico se propone ser cada día más femenino,
1215 2868 2104 2924 ya que el ser muy feminista parece que es predicar
1206 2913 1406 2966 en desiento.
1645 3003 2042 3056 HERALDO DE LA MUJER.
1027 3155 1453 3208 Ayuntamiento de Madrid
