2479 3508
1027 393 1576 449 HERALDO DE LA MUJER
1752 471 1902 538 Fas
680 488 1902 554 — El Mupía n la Begrmurida E
468 689 1280 748 Cuando en este siglo de desquiciamiento. la hu¬
394 725 1274 784 manidas arrada purea queros ampos y mueros, des¬
394 761 1277 823 las de merecen, cuando es queater en el impe¬
394 802 1283 858 de vulaceriner en su ibre la por apara
397 838 1277 897 las estas espiritualistas acerca de los desunos del
397 874 1283 933 hombre, cuando se funda en para una sociedad que
394 910 1280 969 Con el nombre de enerasionas y entendo por men¬
394 946 1280 1005 pros pecadores nombres de enera amaren
394 982 1283 1040 pre los espara prenas de pensar una en
394 1023 1280 1073 entre este mar al muere la poeres enta unecie¬
400 1059 1283 1115 rienta una medioere porque se de la mayor¬
397 1095 1280 1160 parte de su vida al estudio de la repsona, y a braves
394 1134 1280 1190 la sos composiciones se nora la influencia, losones
394 1170 1280 1226 la estos estros en la jue espiritual que nada en
391 1208 615 1264 las ambras.
462 1244 1283 1297 ¡Es que desconocen que el amor al misterio ha
394 1280 1283 1336 ido animodos los rempos rango distinto de los
397 1316 1283 1375 grandes poeta, ese amor que mio Carrere lama
406 1352 1274 1408 manera de espiritue terna una parte esencia
397 1391 934 1449 en la maderna feratura poenes.
432 1426 1271 1476 unas nos y recala materno lo desdenar¬
394 1459 1274 1518 edo de muere amar una nos haban de um¬
397 1501 1280 1557 naciones quinas y la renta de la Reencarnación
394 1534 1268 1596 solamente la inspirado antos poenas que todos un¬
394 1576 931 1629 los primeran varios velamenes.
474 1620 824 1673 bia Amado Nervo¬
537 1701 1164 1754 En cual de estos torneos tus colores
504 1743 1062 1799 leve, y en cual castilo tusiones
501 1782 1065 1838 entonaron mis labios alaguenos,
507 1823 1038 1876 tamente en es me va¬
504 1862 1116 1921 por que hoy as y vienes pensanta
501 1907 1137 1966 por la bruma de nacar de mis sueños:
468 1961 1286 2020 Toda la obra del sublime barde mejicano está
1316 599 2215 652 daz, un espíritu selecto con delicadezas muy raras.
1313 635 1710 688 un ar de nombres
1397 671 2212 724 Yo con nuesamente los poetas enfermitos y
1319 704 2215 763 neuras tiene los que empean la remos en amona.
1319 743 2206 799 menos meros santos cincano, el parte en de
1319 779 2212 837 los veras robustos y soporos como la naturaleza de
1322 817 2176 876 nuestra america, ene algunas estoras como esta
1367 898 2212 954 ¿De que estrella he venido sin que sepa el porqué
1319 934 2080 993 estas eres de inalas donde acaso ene
1322 973 2086 1035 ya bros veces, y guerras de pros glos vivi¬
1388 1053 2206 1109 En Puerto Rico la influencia es clara y directa
1322 1089 2200 1148 en algunos de muestros poetas mas motabiera
1319 1125 2206 1184 pre en peres piene, negran pues, mucente
1316 1173 1854 1223 Asto, los hermanos Ribera.
1385 1205 2209 1264 Peres pierrer en sus pronces potundos, lapi¬
1313 1244 2206 1300 arros aunque se muestra veces increaulo en la
1316 1283 2206 1339 mas ene encencia debe la musa misterio muenas
1322 1322 1606 1375 cosas supestras.
1394 1391 2203 1452 y la cuerdas. Unisa? Te llamabas Fendié,
1325 1441 2045 1494 y eras todo el tesoro del delan apor per.
1322 1474 2116 1533 otrase en la magnora envuestra en un quice.
1322 1510 2146 1572 yo era un perro cristiano de la esta los pies.
1388 1588 2203 1647 De José I. Ribera, revolotea en mi cerebro un
1313 1626 2200 1685 Remeciabios como que marnosa de alas amadas
1316 1665 2170 1724 que que cres en la celeste reencarnación.
1385 1719 2200 1778 Ella Wheeler cantó los ideales de fraternidad y
1310 1758 2206 1817 sano abismo que cuan la base de la nombra
1313 1794 2200 1853 enconra para mente mada y de en puesta nece
1319 1835 1946 1891 bra de de tername en que deasion
1737 1904 2131 1957 Concha MELENDEZ.
662 611 1283 661 A Trinidad Genes, con todo mi afecto.
824 2134 922 2193 E.
1062 2164 1779 2217 NO
818 2167 1009 2217 L
465 2295 1271 2357 Jugando están los ángeles con plumones de cis¬
388 2334 1265 2390 nes nos de espuna y gotas, de encio Con enta¬
388 2370 1271 2429 apara y en en contantos eros caen sus acreos lu¬
391 2409 1268 2471 gueres sobre la ciudad iluminada por la lue encial.
388 2444 1271 2503 que muy pronto quedan los mas altos erreros, las
388 2480 1268 2539 amolas venidas las aceras esa inas parana es¬
388 2516 1268 2578 aumeriles rancias y pansenes repesos de al¬
388 2555 1265 2611 presuprante conse mientras los cuentes en
391 2588 1268 2647 los os anuales e empanimas prenes y ama¬
388 2627 1271 2686 nos contemplando sonrientes la primera merada pe¬
388 2665 1277 2724 suenan gritos intarles y eclamaciones de alcana
394 2701 1277 2754 maner meras alegrando en luego elegran que
391 2740 1268 2796 alcana y embente enanto ha pocado y hace mensar
397 2776 1277 2835 que no nos en completamente plicados este
397 2815 1274 2871 Paree que esta en los cielos cuantos necesitan del
394 2850 1053 2906 Hoy de la mere para reponer su sal¬
465 2886 1271 2942 la permana, quien adoro por ser adorable y
388 2925 1274 2981 porque también es para mi en pera egrana.
388 2958 1265 3017 mares, una presentación arra mue¬
388 2997 1277 3053 una contita de un hogar que la no es¬
1310 2295 2194 2345 te sinó como culto sagrado del alma y de la
1307 2331 2194 2384 mente como los inesangnible que le a las sombras
1316 2370 2188 2423 luminando el camino largo y corto por recorre.
1316 2406 2197 2459 es una de los miles que esperan recaberar la ale¬
1316 2447 2200 2500 gria y muerza gracias al irio, y llena de le y de amor.
1313 2477 2194 2533 La Cando aque en la escaiada podeada de amigas
1316 2519 2203 2569 y amigos de todas las edades, el primer bano de una
1316 2555 2200 2608 que recibe porosa en el bello semblante vuelto pa¬
1307 2588 2200 2644 la pa, y las manos estencias ena el enviara
1313 2627 2197 2683 una oración o enal el recogiera con los mueros espos
1310 2662 2194 2718 las menciones de nuestros amados augentes que
1313 2698 2194 2754 las en esto velan por sus ojos en la misma des¬
1313 2737 2194 2793 mura y abnegación en que lo hacían en el hogar.
1316 2773 2200 2832 Con pos ambien sobre el papel caen gotas de rocio
1313 2812 1731 2865 de mi corazones
1701 2886 2128 2942 LUISA AMELIA DE HOSTOS,
1776 2940 2042 2993 Asiul Ailema).
1032 3131 1459 3184 Ayuntamiento de Madrid
