2479 3508
949 378 1483 428 HERALDO DE LA MUJER
647 817 1262 870 Ang anuinalma.
752 913 1600 969 Los aguinados Flores de pascua, los aguinados,
719 952 1528 1002 de Caprenosas conselaciones visten los prados:
722 985 1603 1040 hay en la mene de sus gurnadas tiernos reclamos
719 1023 1597 1076 Como de vincenes con sus corolas de unos anidos:
755 1083 1456 1133 En el encaje maravilloso de sus estrellas,
722 1119 1522 1172 ran mirandes del mal cielos la comba inmensa.
716 1155 1516 1214 yeada brote para un temedo de la que ella.
716 1196 1537 1246 toda la tura toda la vienen todas las plevades.
758 1253 1558 1306 Conquistadores, su escala tienden basta la cima
719 1295 1624 1345 de agrestes palmas donde columpran sus campanilas,
722 1328 1573 1381 que con sus cuelas preres ranstran y poracan
716 1370 1567 1420 los cielos troncos en campanarios de ala inguia.
758 1426 1552 1479 En los fugaces deslumbramientos de la mañana
716 1465 1522 1515 despenderre de las corolas espas de agua
716 1501 1546 1554 suena el encanto que se desprende de las arcadas
719 1537 1507 1593 como repiones interminables de alegres damas.
752 1600 1588 1650 En el ambiente vago de ensueño con que la tardel
713 1635 1528 1688 que los Estos que la persiguen abandonarse.
716 1671 1465 1727 los genuinados con su perfume llenan el que
716 1707 1519 1763 como de un solo de languieres crepisculares.
761 1770 1627 1823 En las penumbras embalsamadas de suaves noches,
716 1806 1552 1859 cuando al silencio solo el silencio en responde
716 1844 1585 1897 man en salmo de pacas notas las blancas flores,
722 1880 1498 1933 como suspiros como colores, como oraciones.
755 1943 1492 1993 En las laderas reverdecidas de los caminos,
719 1979 1522 2032 en los remanos lenos de suenos de claros rios,
719 2018 1525 2070 mandan sonrisas como de siernos labios amigos.
719 2053 1510 2106 que tananizan las inquietudes del peregrupo
758 2110 1513 2163 Los aguinados con sus risueñas alternativas
716 2152 1540 2202 de veras y blanco lejen injos de trescas rinas,
722 2188 1525 2241 verde des de esposas suaves de grega inca,
716 2221 1436 2279 la planco que de madreales y encaria.
761 2283 1519 2339 Hay en el fondo de cada cáliz todo un poema
719 2319 1468 2375 de otras rinas que deconoce la primavera.
722 2355 1418 2408 Pana respera mas espetas de la leveni¬
722 2394 1498 2450 olo entonadas por los poriones de las abejas.
755 2456 1594 2509 Los aguinados Flores de pascua los aguinados,
722 2492 1528 2548 de caprenosas conselaciones visten los prados,
719 2528 1537 2581 las mar lases lo pasar eloriosos pato sus ares
719 2564 1489 2623 las primaderas, a los oponos un los veranos.
1030 3152 1456 3208 Ayuntamiento de Madrid
1298 2692 1698 2745 Federico UERRACI.
