2479 3508
1253 575 2143 634 ción cualquiera de la Naturaleza o de los seres. Y
1256 614 2140 670 las no anera de la aurera, e no la ese el
322 620 1215 682 La Eubre con un empiar de su interesante bre
1253 650 2140 709 unos ques ante a sus mas que aber pre la
352 662 656 718 La Es
1259 683 2140 748 percoloca de migo, grama, an en la cios y la
403 692 1200 754 Cualquiera que les dicho libro, comprende ense
1253 722 2140 781 nadas meseamos eres ando en en la pala mu¬
334 731 1209 796 guida, que mupues más que jurisconsulto empente;
322 767 1209 826 mas que mader suemente yas tan vierosa pala¬
325 802 1215 864 pa mes que porines buenador es ada una empe¬
331 847 477 903 TA.
322 1244 1212 1303 ver que tratando de sorprender en la mirada y en
322 1280 1209 1342 pero de aquellos seres queridos, las manifestacio¬
328 1319 1215 1375 las na enimiente los derales reveladores de la
337 1364 495 1414 vesimad¬
400 587 1215 640 Nos ha obsequiado nuestro distinguido amigo el
403 877 1218 939 En sus luchas de la vida en el mare magnun de
322 910 1209 975 asuntos que reclaman en alencion el mo emana la en
328 952 1209 1011 una en el eno de la cual de educe y en la cual
328 993 740 1046 que en desde la ma¬
400 1023 1218 1085 Por eso al tornar á su hogar cotidianamente, se
328 1059 1215 1121 hace la iluson que sus intos son aquellos alumnos
334 1098 1203 1163 que viven en su mente como un recuerdo simpue¬
328 1131 1206 1199 yales y maestro abservadora trata de es una en
322 1170 1215 1229 las e impera el mo y sa siguiendo paso
328 1208 1215 1270 paso, el desarrollo de sus racantades intelectuales.
400 1388 1215 1452 Es éste un estudio cientifico no menos interesan¬
1259 761 2143 820 a moderna pues, un gran erraleza, abonada
1253 796 2137 855 la generas la mar las la na alcana mujer me¬
1253 832 2140 891 la mitagran empo, en a escarne la bres:
1253 868 2143 927 un gran las en per las mas vensa, y compe¬
1256 913 2131 969 a como es el der numano, concierno individual y
1256 955 1519 1008 colectivamente
1328 982 2134 1040 El fenguaje de Hata, es clara sencillo y fresco
1247 1017 2143 1076 como unas amor mane es memacen lo de mas
1256 1056 2143 1112 en la reparan sea marenas y senta
1259 1104 1636 1157 satisfacción al acerlo.
1325 1143 2140 1196 Nos ha dedicado un capitulo, y nos ha prodigado
1253 1179 2140 1229 los que no arramas maranera y por los cuales.
1247 1214 2137 1267 unos des por en esa inteneron es quesamos pe¬
1256 1256 1433 1306 conocidos
1322 1298 2134 1348 Reciba, pues, el eximio pedagogo nuestra felici¬
1253 1337 1576 1390 ración más sincera.
1713 1420 2101 1470 ANA ROQUE DE DUPRER.
647 1516 904 1578 Maránla
1319 1501 2074 1557 España á la rabeza del Meminismo.
1415 1561 1982 1614 Gungrin Narinnal de anterea
412 1641 1212 1700 Y llenos los hombres de furor salvaje, cegados
325 1680 1209 1739 por una ambicon sin ejemplo en el mundo, acaparon
328 1716 1209 1775 Por entre en la guerra mas horrible que pe¬
328 1761 749 1814 cuerdan los sigios.
406 1791 1209 1847 La mujer esa guardadora del hogar, viendo
325 1829 1209 1888 marchar á sus padres, esposos hijos a la matara,
334 1865 1212 1924 mistese de valor y corre a su lado á agiante en
328 1901 1200 1954 las mas de por y de agona ronana el canon
322 1937 1209 1996 la palerosa corra recoger al morbandos y a veces
328 1976 1209 2032 encontraba ambien la muerte al tratar de socorrer al
331 2015 794 2068 alcando esto en la errera.
409 2044 1203 2106 mas, el angel a la Pas paseo su larga ves¬
331 2080 1215 2142 e por sobre ciudades destruinas y cadaveres despo¬
328 2128 540 2178 de
400 2155 1098 2214 Victoria! Victoria! resonaba por doquier¬
406 2200 1209 2253 Los adalides del bando victorioso se reunen, y
322 2229 850 2288 conden a banque terneas.
397 2265 1203 2324 actanan las motas alegres de música marcia.
328 2304 1206 2360 que reperente en los corrones el elocar de las copas:
322 2337 1215 2399 enasando de los platos la risa sombra y una de
328 2376 1203 2435 los comenates, los vivas alegres y las carcariadas es¬
325 2412 1218 2471 Enentes, no es pulico y conento en la celebración
328 2447 1203 2509 de tan magna enra y el panquere esta de
328 2492 677 2551 gando su en
409 2528 1215 2587 Una música melodiosa y suave se escucha, como
328 2570 1167 2626 de vibines manerados por manos de angeles.
400 2606 1215 2662 Son las mujeres que llegan Las Herminas de los
328 2641 1215 2697 nospitales de sangre las vienes de las vendas de
331 2677 1203 2739 provisionamiento, las sacerotras de la crue Rola¬
412 2707 1212 2769 aquenos muereros esperos de muere se le¬
328 2752 1209 2805 anula llenos de respeto y entusiasmo, y recosiendo
331 2788 1215 2844 todas las preciosas ilores del panquere las presen
334 2821 1215 2883 las peroras mujeres aguando el ocablario de las
328 2856 1215 2918 mas ques palabras para malacar y ensatar la pe¬
331 2898 1212 2951 es, la para la enteres metable de aquellas
331 2937 797 2993 augiares de la gran guerra.
406 2967 1218 3026 Elas reben los momenates de los héroes con la
1328 1656 2137 1712 Integrado por la Federación Internacional Feme¬
1256 1698 2128 1748 mina la baión de Mujeres en espana y El Rea pro¬
1253 1734 2137 1784 actorado de obreras de pareciona de la constimido
1259 1767 2140 1823 Conero nacionar de mujeres, organismo que las
1256 1806 2134 1859 muenos años viene tancionando con grande esto en
1256 1841 2140 1894 todas las naciones evilizadas, y del que solo encia
1253 1880 1394 1933 Espina
1325 1916 2131 1969 El día 22 del corriente fué elegida su junta direc-
1253 1955 1979 2005 tiva, por aclamación, en la siguiente forma.
1328 1991 2140 2044 Presidenta excelentísima senora marquesa del
1256 2026 2143 2076 rervies presidenas, una esta esa y las mora
1256 2059 2143 2115 una conceperon alerandes sene ara general me¬
1253 2098 2143 2151 mas oracer y de la puente respera una elemen¬
1256 2134 2140 2187 ina auente contadora unora para caballero de
1256 2173 2143 2226 Rodas, segunda secretara señorita Eura Cuelar;
1253 2212 2134 2265 porales excelenticina señora marquesa de Lelas:
1259 2244 2134 2300 maras estener esta encarnacen tales.
1256 2286 2137 2336 Esperanza Macupar una concepción Rue de Magne,
1250 2319 2080 2378 enora detendes Cana y señorita María prego.
1253 2403 2140 2456 sonrisa en los labios, y la faz macilenta del que ha
1253 2438 1809 2488 ardo rambre y privaciones mi¬
1346 2474 2143 2530 los morios de necesidad, murmuran aquellas
1253 2513 1689 2566 vores destalecidas.
1355 2549 2146 2602 Venia participad de nuestro egregio banquete
1247 2585 2143 2638 de la viera es quieron algunos de los comenales.
1322 2624 2143 2677 buscaron ellas con avider aquenos alimentos con¬
1256 2659 2095 2712 el ansia del que se siente morir de inamiene
1322 2695 2140 2748 do los restos los desperacios de los maniares
1253 2731 2137 2787 vetan esparcidos aqui y alares, en
1325 2770 2137 2823 ESERA LA PARFICIBACIÓN DE LA
1259 2806 2140 2856 MUER EROICA DE LA ABRILIAR CER
1256 2839 2131 2892 ANECADA A EL ORAN PESIN
1250 2877 2143 2930 DE LA VICTORIA FLORES DALANAS DE
1256 2916 2128 2969 LLAS Y LOS RESTOS DEL PESIN Y
1719 2967 2104 3020 IMITACION DE ANANRE.
979 375 1534 428 HERALDO DE LA MUJER
970 486 1513 542 Niños y Earuelas.
1032 3131 1462 3181 Ayuntamiento de Madrid
