2479 3508
949 414 1507 476 HERALDO DE LA MUJER
815 549 1648 631 ILUINDIAL
283 1585 1173 1658 Paston Cano. Amito tamen y Patrimera que¬
280 1629 1179 1709 mando la llegada del hueenel de honor para emperar el
280 1680 1170 1751 primer acto de Pulacri, vesidos con el traje de cam¬
280 1728 662 1784 pesinos de la Calabria.
361 1770 1167 1847 Todos los ojos estaban fijos en el palco de Morgan,
274 1812 1170 1888 al into deseamado al que se le habia quitado el amo
274 1859 1158 1936 de lame y ensantemos blancos sustiendolos por ma
268 1904 725 1969 mos de American Bentes.
346 1973 1167 2050 Al dar la señal la batuta de Moranzoni, de que la
274 2018 1167 2094 orquesta, trase con Sare de Ring bolos de pasion
268 2062 1167 2142 le pe y un pren ento al palos verio de vigorosa el
268 2110 1161 2184 quen cuando su pelo el coron sal de un conden¬
268 2155 1167 2235 nación su cabello era mbio y mojas sus millas. Se
271 2203 1158 2276 mantenta derecho entre el almirante males y el vi¬
268 2244 1167 2324 de rar. Una estruendos esclamación se oro en
271 2295 1053 2366 todo el teatro, y todos los ojos estaban fios en al.
334 2340 1164 2414 El poderoso heredero del rono pritinico estaba¬
262 2382 417 2444 nervioso.
334 2432 1161 2506 Estiraba los puños de su camisa, sonreía, se pasaba¬
256 2474 1152 2554 la mano por el cabello, y alimamente acudio al prugio
256 2522 462 2581 del pañuelo.
328 2591 1155 2665 Entonces Amato, que hacía el papel de Tonio, en¬
250 2636 1143 2709 tono en su hermosa tos de barino el pacioso de pa¬
253 2689 901 2751 gliacci cuando el Principe tomo asiento.
328 2731 1146 2802 El silencio reino en todos los ámbitos del teatro.
250 2773 1143 2847 sopo paremos se quedaron afuera sin conseguir con¬
253 2824 459 2880 prar tienes.
328 2868 1149 2936 Oberón fué dirigido por Arturo Bodanalv. Flo¬
247 2913 1152 2987 rence Paston hizo el papel de Reria, y Catalina movara
244 2955 1143 3032 hizo de palma. La cena tiene lugar en el haren del
247 3000 370 3062 Cara.
304 623 1209 703 El Principe Eduardo Alberto en el Metropolitan¬
388 710 1197 787 Había 4000 personas en el Metropolin la noche de
304 752 1203 834 la hución de pala que empero con la en tenera del
304 802 689 864 primer ago de purón.
382 847 1194 924 El melodioso y mistico tercer acto de Sancón y pa¬
304 892 1197 972 rio de Sante Sana, se puso también en esena, entre
301 940 710 1005 tanto llegaba el principe.
379 987 1200 1061 Libian osde dirigía el cuerpo de baile, y el coro, en
292 1026 1194 1106 reio de pacon al que se le de muratilos cul¬
295 1074 385 1130 rido.
379 1125 1191 1199 Cuando la batuta de Guiseppe Bamboscheck se man¬
295 1164 961 1241 taro inmovil, recono estruendoso aplango.
370 1211 1024 1285 mes entonduras rojas cubran los palos.
373 1259 1188 1336 Las diandenas de piedras preciosas las facetas de los
292 1301 1185 1384 brillante todas las jovas resplandecían al hulgor de las
292 1349 391 1405 les.
367 1399 1185 1473 Los soberbios trajes de las mujeres, los lujosos
286 1438 1185 1521 abantos de plumas todo era un maro digno de aquel
289 1489 549 1545 egregio cundo.
361 1540 1185 1617 Cuando el telón se levanto aparecieron Florence
1313 650 2137 727 Las dos son notables cantantes. Miss Easten es
1241 695 1430 754 canadiense.
1313 743 2137 817 En el primer acto de Pagliacci canto Caruso como
1236 790 1648 852 no había cantado nunca.
1316 838 2137 912 Fueron tantos los aplansos, a los que se unían los
1230 877 1803 948 del princine, que tuvo que repetir.
1310 925 2128 1005 Al tercer acto de muerza del pestinor de verdi,
1236 970 2128 1049 siguieron los bailables de la notable hallarina Rosina
1244 1014 2086 1091 Santa, compañada por pondento y el cuerpo de ble.
1301 1062 2125 1139 En el entrencio, el principe mue al palo de pani¬
1227 1107 1752 1175 con y al del General persing.
1301 1155 2125 1229 Después el principe y el banquero pavison fueron
1224 1199 2125 1276 al fumador concluvendo ponto sus cigarrillos pos dis¬
1227 1244 1895 1318 frutar de arristico baile de la del mal.
1304 1298 2152 1375 Termino la función cantando Madame Frances y
1230 1343 2116 1423 Ana mue es de nueva elandia y subuita britinios, el
1233 1382 2116 1467 angras tantes separato, miento el go. Lo ha¬
1224 1438 2113 1512 no de un modo tan exquisito que el publico vibraba de
1224 1483 1418 1542 entusiasmo.
1292 1540 2116 1614 Miss Easton canto "Dios bendiga al Principe de
1227 1582 1334 1638 Gales.
1292 1632 2110 1703 Y como final, Mme. Alda y toda la concurrencia
1212 1671 2113 1748 mo el mino americano puestos de pie el principe
1215 1722 1397 1778 el primero.
1286 1776 2107 1850 En la puerta de salida el Príncipe se tropezó con
1215 1820 2098 1894 Mrs. Tanamacter y los malen y estro embrom¬
1215 1868 1421 1921 do con ellas.
1277 1913 2092 1984 Y en lugar de irse el Principe para su barco Re
1206 1958 2063 2032 nor, se fué a bronday a cenar con varios amigos.
1600 2050 1707 2106 FIN
1206 2146 2033 2217 Cosima Lista de Magner (Seleccionado
1280 2235 2092 2303 La segunda esposa de Ricardo Wagner murió, noti¬
1200 2277 2051 2348 cia que ense inmensa, sensación en el mundo del arte.
1271 2325 2092 2393 Sanure un eminente critien, que purante los
1194 2370 2095 2441 años que convivo con su marido, induro grandemente
1203 2418 2086 2491 en su carácter, y en la magna faena del compositor, y
1206 2465 2089 2533 prolonse la famosa obra arística después de la muerte
1194 2510 1412 2566 del amortal.
1265 2561 2077 2629 El sueño del genio lo hicieron florecer, vivir y pros¬
1200 2609 2077 2677 perar el apostol Franciso Lista el protecior real, el re¬
1194 2650 2009 2721 Las in de paviera y una mujer Madame agner.
1265 2704 2083 2775 Cosima representa importante papel en la creación
1191 2758 2077 2820 y propagación de la obra vagneriana. En el momento
1191 2800 2074 2868 de la realización fue su compañera inspensable. De¬
1188 2844 2080 2915 pués de la muerte del maestro tuvo en su mano tos los
1182 2889 2074 2963 hilos de la empresa de Barrenta, empresa, tan grande
1185 2937 1630 2996 como el más vasto gobierno
1256 2982 2071 3053 Cosima Wagner, como quiso siempre que la llama¬
1176 3027 2074 3103 sen, fué un caracter excepcional, un sutil tipo femenino,
1035 3155 1453 3208 Ayuntamiento de Madrid
