2479 3508
937 393 1471 458 HERALDO DE LA MUJER
304 483 1179 557 de los más energicos del siglo IX XX norque entro¬
313 540 961 608 en el en plena gloria, en plena actividad.
388 573 1185 646 ame vacer mue hija de lista, de origen más
307 620 1185 694 lavo que hamento. Su madre fué la conosa Agones.
313 662 1182 739 iluste en la lientara francesa bajo el pendomino de¬
319 707 1188 784 pimite ser por lo que haba en su sangre mela de
316 773 635 829 manos y alemana.
388 796 1188 870 Fué Cosima una personalidad sus aéneris, de fino
319 838 1152 915 material de la ra lavolumena francesa, valma.
388 883 1191 957 De s madre deras la fesibilidad lata el entido
322 940 895 1005 refinado de la música y de las artes.
397 970 1191 1049 De su madre el gusto de todas las elegancias, el
325 1017 1194 1097 tacto la delicadera francesa, y la comprensión de ideas
325 1086 483 1139 enciales.
394 1104 1194 1181 El deseo de reinar haciendo algo grande esa fué
322 1164 829 1229 la esencia de su individualidad.
403 1199 1047 1264 a que, en partes por la madre de Lista.
400 1238 1197 1312 de eno en perla en el minista mas de palor.
328 1280 1194 1357 dama la nada de el se con al grador de que¬
331 1328 1200 1408 ha mustal, amoldándos á una educación cosmopolita.
400 1373 1203 1444 Sin misma a lana elos, el famoso pin, el
328 1417 1203 1491 millo de la obra la retratorio, no se hubiera acabado ni
334 1477 677 1536 la corona del mingo.
409 1501 1203 1578 Porsital no se hubiera levantado sobre el crepsculo
334 1567 713 1626 sombro del siglo KIX.
414 1591 1206 1667 Sin su gole de vista genial, sin su dirección inte-
343 1632 1209 1715 gente y agne, el tente patria, no hubiera tenido
343 1686 1062 1760 la consistencia de institución dia y definitiva.
412 1725 1206 1802 La vida de magner estuvo un año de lato y du¬
346 1776 1044 1847 ante ese tiempo no estuvo visible para madre.
417 1812 1203 1888 El maestro fanario en enero de 1983, y al año si¬
340 1862 1215 1939 guiente Cosima surgio de su retiro, y se paso a la cabeza
340 1907 1152 1978 de la obra comenando por una repide de Pusta.
420 1946 1218 2020 Despues lleno a terminos los los pensamientos del
343 1991 1215 2068 Maestro la fundación de ma cuela de canto, y la
346 2041 967 2109 nación de un puro erio dramino.
423 2080 1221 2154 Cisma contino sus tareas con entusiasmo. su
355 2125 1167 2199 timo fue meno de la mora de prentoso quista.
417 2167 1215 2244 Sio Serado maner la segundo con pen haba¬
355 2235 674 2291 lidad en su trabajo.
1292 456 2095 533 Nota de la Redacción.—La música wagneriana ha
1224 498 2086 578 sido muy sentado en puropa, pero en realidad de ver¬
1224 549 2092 617 la no tene la gran importancia que se le ambre;
1233 587 2098 670 mes el para hacerse original, hulo de engrander los
1224 635 2098 712 euros de pronesta en perjuicio de la belleza. Además,
1224 677 2095 757 Yo no lo e mulo, pues se ve la inquencia, de me¬
1236 740 1692 802 ember y ener en su obras.
1233 916 1851 993 ¿Quién fué Teodoro Roosevelt
1304 987 2104 1064 El más americano de todos los americanos. Un
1233 1035 2101 1112 hombre amante de la naturaleza. Su placer era encon¬
1236 1080 2107 1157 tarse en medio del campo. El eterno estudiante que
1236 1122 2104 1202 ma la muien y todos los penas ales. Pocia mere¬
1238 1170 2104 1243 ente bolutera. Sus agenso están menos de cias de
1247 1211 2104 1291 pedicadores y hombres de estado. La mos de po¬
1236 1256 2104 1333 gual en quilo nera lleno de agraciones; se sen¬
1244 1304 2113 1381 tencias contundentes, motables por su encia de
1244 1349 2110 1429 fuenos articiales, porque en realidad de verdad, el
1244 1394 2113 1470 Coronel, en más grande que la nettrica. La pros de
1250 1438 2116 1512 Ronerle no es como la prosa de rigon, que es eminen¬
1247 1483 2116 1554 temente presionar la que manos un senirio entre
1244 1525 2113 1599 no y el gentido sobre todo es la pues de iem¬
1247 1573 2113 1644 teraria de estudio unos es inamies para ver es bri¬
1247 1614 2116 1691 lante pros criada por el mismo patón que la del
1250 1677 1639 1736 sielo de sure y desible.
1322 1722 2125 1790 La casa de Roosevelt estaba llena de trofeos los que
1253 1764 2119 1841 había adenirido en aquella gran excusión historios por¬
1256 1812 2125 1882 Europa al vinos la fotograta de A. Camesie tomada
1256 1853 2122 1930 en perin durante las miniobras mitares: Carneste y
1259 1898 2119 1972 poneral queron buenos de quilomo de molene¬
1259 1955 1815 2017 en cuando era todavia el Racer.
1334 2000 2125 2073 Cuando le preguntaron a Roosevelt qué hubiese he¬
1262 2044 2128 2121 lo si lubre estado en la cas plana, cuando el hu¬
1262 2089 2128 2166 miento de Lastana, eclamos haciendo ener en po¬
1259 2134 2134 2208 midable miradas el vo hubre sido el presente no
1259 2188 1967 2253 hubies curido el midente del Lositana.
474 2346 1113 2420 Mrnterrión a la infancia
549 2412 1032 2477 Mutualidadra maternales.
525 2510 1065 2578 SECCION DE SOCIOLOGIA
1265 2298 2134 2369 cuidados del embarazo. Los cuidados del puerperio,
1265 2334 2134 2402 manes en de posos tante queanación de los.
1268 2367 2140 2441 Pucenas de primera vugareada En enana de
1268 2406 2137 2480 Higiene veariada Nenidas proracucas contra las
1268 2441 2140 2515 termedades infeciosas comines, cuidados espera
1265 2480 2143 2551 las para la mujer contra el alcaloismo, casas de
1268 2516 2146 2587 ma enidad Contra la tuperiosa, La enfermera,
1274 2561 1916 2629 La indumencara femenina y la higiene
435 2564 1230 2632 Prorección a la infancia, Mutualidades materna¬
355 2600 1224 2671 los El permos maguna, me amación del trabajo le¬
361 2636 1233 2709 mente durante la gras maternal, el trabajo de los
361 2671 1230 2748 amos las nos lamados botones de esa mos y
358 2707 1238 2781 amos las ameras de mano, el feminemo una
367 2767 513 2823 en queto.
573 2794 1038 2856 SECCION DE CIENCIAS
435 2844 1236 2918 La mujer y la sanidad pública. Las condiciones
364 2880 1244 2957 prealicas de la mujer la supuesta superiada del
364 2916 1241 2990 amante de la mujer La gener es la manan la
373 2952 1250 3029 atenciona Los criados del uno de pecho. Los
1433 2630 1982 2691 SECCION DE LITERATURA
1349 2698 2149 2763 La literatura feminista en el mundo. Literatura
1274 2731 2149 2802 tembra en espada prentes en mara las redacie¬
1271 2767 2143 2841 las de los mericanos qarios, la movela, y el empe¬
1280 2803 2146 2880 mo, El feminismo y el patro escopa de la men¬
1277 2842 2149 2912 ma, lebra de las mujeres celebres esponsabi¬
1277 2880 2086 2951 dad moral de la escribora, La puesta y la mujer
1821 2934 2086 2984 Celsia REGIS.
1035 3110 1453 3163 Ayuntamiento de Madrid
