2479 3508
934 352 1501 411 HERALDO DE LA MUJER
767 483 1668 536 Gona bue rorever
292 985 525 1037 en esta Cosa.
364 1017 1194 1079 iera ahe que la costra sur por ser tan seca.
295 1059 1188 1112 mo es ran esperante se veneración como la que en
292 1098 1203 1154 a que es la mas primorosa de esta la En labia
286 1137 1194 1187 roposere enes de la sarimera los vero en el
289 1179 835 1229 boles arros, aunque no copudos.
379 1211 1203 1267 pensar don Pedro que notros venemos una
295 1253 677 1303 riquena en esos veros.
417 1289 761 1339 Como asi porque¬
370 1319 1206 1378 bacano el semana es la llamada cocoloba de
301 1364 1209 1420 amarca tan empleada como materia impren en los
295 1402 1212 1455 Estados Unidos en la que emplea muelos miles de
292 1441 429 1491 bles.
397 1480 1203 1530 ¿Y porqué en vez de comprarlo al extraniero
292 1513 1200 1569 pre las de nuestras unas que encera esponales.
292 1552 1200 1605 a por el roral, vera una nuestra que por mene
295 1591 429 1647 ciaza,
367 1626 1200 1679 —Porque parece que los americanos, tan empren¬
292 1665 1203 1724 dedores no han fiado se atención en tan qui planta;
295 1707 1200 1760 y los puertorriqueños acandolos de la cana, abaco y
292 1743 815 1796 al creen que nada más vale
373 1779 1197 1832 Dejemos a los dos amigos comunicándose sus in¬
295 1820 1006 1876 presiones y volvanos hacia la gente joven.
361 1856 1200 1909 Por algunas horas solo e bia el gritar, el correr y
292 1892 1203 1948 el rir de los convidados por aquella plava cadena.
301 1931 1203 1987 por el sol de muego de Puerto Rico, que aun en mujer
292 1970 838 2023 lo quena el roro y lo colores.
376 2006 1203 2059 Pero protenidas las damas con sus rísticos som¬
292 2044 1206 2100 prertos de para desafaban los ardientes rayos del sol
292 2080 486 2133 Las trones.
370 2119 1209 2172 Todo era armonía allí, pues el bulicioso reir de
295 2158 1206 2211 arrentinas veces, con el sustrar de las paleras, el
295 2197 1206 2247 diente del mar en su conrino vaven y las veces pi¬
292 2235 1203 2288 las de Cargo, La paro, deba o parrienen formaban
292 2271 1206 2327 al contraste y tal conjunto encantador que aquella
301 2313 1209 2363 vencia dichosa, jamás podra olvidas can hermoso
379 2385 1206 2438 ¡Oh recuerdo imborrablel ¡Como formaría época
295 2427 1203 2477 en la vida de aquellos seres halagados por la fortuna.
373 2462 1206 2515 pero rancurran las horas y a apenas la
295 2498 1206 2554 sombra del sol de inclinaba un tanto hacia el su¬
292 2537 1212 2593 marcano el medio dia, cuando espoido, con una
292 2573 1113 2626 ampara empero lamar desde la enramada.
376 2612 1203 2665 De todas pares ventan corriendo los feratados.
301 2650 1206 2703 llenas las manos de encurmenos de una, acose en
292 2689 426 2742 coles
364 2728 1203 2778 Acomodáronse todos, de dos en dos, en los ban¬
295 2761 1212 2817 os la mera, y unas campesinas renas y bastante
292 2800 1209 2856 penas emperaton errernos de econ amor en
292 2842 1203 2894 platros cubreros con hojas de vero remorado con el
292 2877 1209 2930 inco incia y companado de cos congos de
292 2916 1209 2969 dos en las brasas que aun de vean brillar en un horno,
292 2955 1209 3008 improviendo con tres piedras grandes que estaba
292 2991 1212 3044 ango de Marola, la muenacia de de servicio de irma.
298 3030 1209 3083 que prepara ba los admirables puro regra maravilla.
1361 593 2063 646 Nuela nur Ana Ramué de Agre.
1313 680 2161 742 Cada gallán sentose al lado de su dama, y don
1244 722 2149 778 quilermo fe toco la vida, que llena de ansiedad, y
1244 761 2140 814 viendo sentado en frente de ella inama muy obre.
1244 799 2152 855 quioso con los sorea, seguia mordiendose los labios,
1247 838 2152 891 llena de furiosos celos, fubiera querido abrasanos
1244 874 1492 924 Con la mirada
1319 910 2152 966 Don Pedro, el vecino era muy decidor y ocurren¬
1236 949 2042 1002 re enda paso les altado una copla campetina.
1319 985 2155 1040 Las muenachas e aplicaron el more de el sotra¬
1325 1023 1997 1073 por no tener compañera en su perece.
1313 1062 2155 1115 Pero el lejos de amarran enabuena, como se dice
1247 1098 2149 1154 por esos campos renta mas correz, que un lecuevo¬
1244 1140 2146 1190 pues paro comodado, y con don de sentes, poeta,
1244 1176 2155 1229 mas gramacia pardar que todos aquellos señorros
1244 1214 1892 1264 educados en universidades extranieras.
1319 1250 2149 1306 Después de hacer las debidos honores al leción,
1247 1289 2149 1342 y al ror con pavo, que esirve despues nego el mo¬
1236 1325 2146 1381 menos de los brina, y como eaugar de la promini¬
1247 1364 2152 1417 en no rentan cerveza, no otros cores, el lamino de
1241 1402 2152 1455 respete mabra hecho traer de su despena un me¬
1241 1441 2149 1494 cor de pina produero de su industria, y que no des¬
1244 1477 1683 1530 merecia del mejor obre.
1322 1516 2155 1569 AS es que D. Cuilermo el primero, levantando su
1241 1555 2146 1605 copa brina, porque pudieran volver a femine dentro
1241 1591 1465 1644 con los
1337 1632 2158 1682 ¡Caspitinal dijo don Pedro si para allá me¬
1241 1665 1537 1721 las guarda.
1319 1704 2158 1757 Todos rieron; y estando calado el fonógrafo, tomo
1244 1743 2152 1796 don Pedro un cuarto que había trado respondo, y
1247 1779 2152 1832 despues de brindar por todos en especia, por las en
1238 1820 2155 1873 mortor damas, canto con una con ganosa que hacia
1247 1853 1534 1906 per lo siguiente
1439 1898 1755 1951 Solitario me teneis
1397 1937 1848 1993 en esta reinión de amigos.
1400 1979 1812 2032 por no tener una embre
1397 2012 1782 2068 quien precer esimos
1433 2050 1749 2103 Pero no lejores.
1391 2086 1931 2142 na ma me importa un comino;
1394 2128 1880 2184 pues entre canta hermosura,
1391 2164 1824 2220 bor amor a todas prodigo,
1325 2206 1967 2265 bien, por D. Pedro dieron todos.
1325 2247 2161 2300 Entones copolado por no ser meros, comando
1241 2286 2161 2339 cuatro, el que demostra sabia rasenear como buen
1256 2328 2158 2378 puertorriqueño, canto con una bella vor de parcono;
1256 2364 2155 2417 pero con ese dejo que umbroso de nuestros campas
1241 2400 1322 2453 Nos:
1471 2432 1868 2488 —Dicen que en el cielo
1433 2471 1725 2530 pitan las rubas:
1433 2516 1776 2569 porque las morenas,
1436 2552 1725 2602 enen ranquea¬
1468 2600 1776 2650 Mas vo soy noeta
1436 2641 1833 2694 y me abismo en el cielo
1433 2680 1698 2733 de una volera.
1322 2740 2161 2790 Levantose Mr. Knight, y brindando por las be¬
1250 2779 2161 2832 las mujeres puertorriquenas jo en su hapurreado
1241 2818 1400 2871 paño.
1328 2874 1845 2930 Yo no sé como tocar el cuatro;
1250 2916 2146 2972 pero yo querer decir, que sobra este belo Porto Rico
1322 2955 1713 3005 esta lleno de encantos.
1842 3030 2089 3086 CContinuara.
1027 3176 1462 3229 Ayuntamiento de Madrid
