2479 3508
889 402 1424 473 HERALDO DE LA MUJER
979 525 1656 605 AL
650 561 788 617 EL
262 749 474 805 ATENEO.
307 761 1137 843 Han pasado dos meses en los cuales nuestro periódi¬
271 802 1149 891 ro no se publicaba, por las digcultades de la imprena.
274 859 883 936 y por eso comentanos esto tan tarde
346 886 1140 972 Amone no nos agrada hablar de nuestra persona¬
268 931 1134 1020 lidad cuando escripinos, no podemos menos de re¬
277 976 1140 1070 producir lo que en el Destle Social de El impar¬
268 1017 1137 1106 al dio en su oportunidad la lecane consta pue¬
277 1062 1146 1151 porquena arranza a quien damos las más expresi¬
280 1107 1152 1190 las pras por los hompos conentos que nos denta¬
277 1149 1152 1241 los cuales no creemos merecer solo acredimos ha¬
280 1193 1149 1282 plar en el arenco el le de siembre para desvancer
280 1238 1152 1321 un tanto el mal ereco que haban hecho en el pibico
283 1280 1152 1369 las prealicciones de Me pora en cuya area pos anu¬
283 1322 1161 1411 daron conciendamente nuestros eminentes intelerna¬
283 1370 1158 1452 la se preario Canta Corropa, y el se remander
295 1429 901 1497 Vanga, quien debimos la inviración.
361 1480 862 1548 Hé aquí el sueltro de Migdalia:
364 1525 1092 1602 DONA ANA ROQUE EN LA TRIBUNA
597 1579 874 1641 DEL ATENEO
373 1620 1152 1703 La noche del martes, como estaba anunciado, ce¬
295 1668 1164 1751 lebre la lustre escritora señora Ana Roque de puprey,
301 1707 1167 1793 oportuna conferencia en el atengo, mbre punto:
301 1752 1170 1838 neresantes de ciencia, astronómica de palpirante a¬
301 1826 450 1879 cualidad.
376 1832 1176 1921 El notable Ingeniero Civil y seismologo puerro¬
304 1880 1176 1966 riqueño enor amón Canaria Cordora, presente
307 1925 1182 2014 la talentosa conferenciera, siendo la señora Roque
304 1967 1176 2047 a lamente salanda al comparecer en la noble pi¬
313 2020 958 2100 buna de nuestro alto Centro intelectual.
1197 1232 1307 1286 queño.
385 2056 1188 2139 La conferencia de la señera Roque tuvo por rema
319 2098 1188 2184 mincipal combar la absurda prorecia del Dr. porta
319 2140 1191 2229 que vatiene un caracismo mundial con motivo de
319 2188 1185 2274 la conunción de planeras, que por los dias in, 13 y
316 2229 1188 2312 ¡s maraban su derrorero en tura regra hacia el sol.
388 2271 1188 2354 La señora Roque quere esta y habiene,
325 2316 1191 2405 pintando de manera clara y precisa el tracaso evidente
325 2355 1197 2447 del Dr. Pora en sus predicciones que canco an hu¬
322 2403 1191 2488 lamento de enacter sentico y, por consiguiente.
331 2450 1074 2533 las de una imaginacon calenturienta y loca.
397 2486 1194 2575 En el curso de su correncia la señora Roque opi¬
322 2534 1197 2617 ng᷉ que eras fenómenos arres influven poderosa.
325 2579 1203 2665 mente en los seismicos lo que ig lugar á un debare
325 2621 1200 2706 con el senor canta Corava que combate tal vena
328 2659 1203 2748 na amamientos y estudios va nestos por el en pa¬
328 2707 1209 2790 las de los movimientos peracicos que se han sentido
334 2773 746 2838 en el país recientemente.
412 2794 1215 2877 El meritísimo hombre de ciencias señor Candia
337 2839 1206 2918 Pardala halla con en espresión que tanto le enale¬
340 2877 1221 2963 mente enentera los mas poras de sus oven¬
343 2922 1224 3011 es cuanto el comenta anales y espone a la conside¬
340 2973 1140 3059 ración del público que silenciosamente le admira.
1749 1250 2003 1309 MIGDALIA.
1200 1316 1397 1372 Dbre. 1919.
1197 1385 1815 1461 CONFERENCIAS DEL ATENEO.
1274 1414 2074 1500 Cada da resultan más inturesantes las conferen¬
1203 1459 2071 1548 cias del Agenco este centro de cultura hace honora
1203 1534 1409 1590 Puerto Rico.
1277 1543 2077 1632 En estos días el Sr. Francisco Vincentí hablo
1209 1585 2077 1679 obre la enseñanza de la Moral en las escuelas, pre¬
1209 1632 2080 1721 dad era tan sentidas pues aunque sabemos que el
1215 1674 2080 1769 Departamento tiene buenos folleros de Moral y Edu¬
1215 1716 2089 1811 ación, esas ramas de enseñana no tienen señalado
1218 1764 2086 1856 remos especial, para su explicación, ni los niños tienen
1221 1829 1618 1900 tentos donde estudiarlas.
1283 1850 2092 1936 Los resultados, en la generación que sube, son
1218 1892 2083 1984 desastronos los estamos palbando que sea de nues¬
1224 1973 1361 2026 opa,
1295 1979 2095 2068 No estamos conformes con nuestro distinguido
1221 2023 2092 2115 amigo, que opina que aún la religión debía enseñase
1230 2098 1480 2157 en las escuelas.
1295 2119 2101 2205 Eso nunca. Tenemos libertad de cultos. Nuestro
1233 2161 2107 2253 pueblo no profesa hoy una misma religión ves en las
1236 2206 2101 2297 ternes ilusias y en el hogar, donde nuestros niños
1238 2271 1671 2342 deben de aprender religión
1236 2310 1761 2387 CERTAMEN DEL ATENEO.
1310 2343 2107 2429 Hemos recibido el programa del magnífico Certa¬
1236 2391 2104 2480 men que prepara el Aueno, y no podemos publicarlo
1247 2430 2104 2524 por las coras dimensiones de nuestro periódico, pe¬
1244 2477 2107 2569 bemos los puertoriqueños, sentimos orgullosos en
1247 2519 2116 2614 poseer un centro Aristico y literario que tanto nos
1241 2564 2116 2653 nalese agrima que no se havan sordado de la
1247 2612 2113 2694 encia puesto que entre en el una sección centica.
1253 2656 2071 2739 algún día, será La Ciencia engrandece los pueblos.
1253 2701 2036 2787 DISCIPULAS DE ELISA TAVAREZ Y DEL
1436 2755 1848 2826 PROFESOR ARTEAGA.
1328 2797 2122 2883 Mostraron su competencia en el Ateneo las nu¬
1253 2839 2128 2927 nerosas alumnas de tan notables arristas que van di¬
1256 2883 2125 2972 fuendo la cultura mustal entre nuestras compa¬
1259 2934 2009 3017 rioras, Nuestra calurosa felicitación a ambos.
1218 677 2042 760 La honorable figura de la señora Roqué de Duprey
1170 716 2048 808 en la triuna de arenen la puede del mares ne
1176 758 2045 849 no solamente en co nereante por el valor sen¬
1179 799 2048 894 no de su contrencia, sino embren un co empcio¬
1176 844 2051 936 manes dado el ambiene mente y que de la ilustre
1182 886 2048 978 muerener enanecida por la toda labor de pensa¬
1185 928 2051 1026 mientos y de la pluma en su lanes y brillane erupo¬
1182 973 2051 1067 la de malos arros delicados a estudio perseveran¬
1185 1035 1806 1109 e en honor de su para puertorriqueño.
1259 1062 2054 1151 Reteramos questra ilustre amiga señora Ana
1188 1107 2057 1199 Rome de puprer muelas eleraciones, por su bi¬
1191 1152 2057 1243 lante conterencia del mares en el arenco Puertori¬
1035 3110 1450 3163 Ayuntamiento de Madrid
