<?xml version="1.0" encoding="UTF-8" standalone="yes"?>
<PcGts xmlns="http://schema.primaresearch.org/PAGE/gts/pagecontent/2013-07-15" xmlns:xsi="http://www.w3.org/2001/XMLSchema-instance" xsi:schemaLocation="http://schema.primaresearch.org/PAGE/gts/pagecontent/2013-07-15 http://schema.primaresearch.org/PAGE/gts/pagecontent/2013-07-15/pagecontent.xsd">
    <Metadata>
        <Creator>prov=READ-COOP:name=PyLaia@TranskribusPlatform:version=2.33.0:model_id=421621:lm=provided:date=28_10_2025_17:35</Creator>
        <Created>2025-10-25T14:29:47.943211</Created>
        <LastChange>2025-10-28T17:35:15.632+01:00</LastChange>
        <TranskribusMetadata docId="11368982" pageId="104387693" pageNr="15" tsid="259172832" status="IN_PROGRESS" userId="30120" imgUrl="https://files.transkribus.eu/Get?fileType=view&amp;id=FTVAFKBCHTEDDWCRZJBIVEJZ" xmlUrl="https://files.transkribus.eu/Get?id=XEIGXWVLHOFGQSZLDPTIXNUW" imageId="87597289"/>
    </Metadata>
    <Page imageFilename="0015_p015.jpg" imageWidth="2479" imageHeight="3508">
        <ReadingOrder>
            <OrderedGroup id="ro_1781166846270" caption="Regions reading order">
                <RegionRefIndexed index="0" regionRef="tr_1761395411"/>
                <RegionRefIndexed index="1" regionRef="tr_1761395413"/>
                <RegionRefIndexed index="2" regionRef="tr_1761395410"/>
                <RegionRefIndexed index="3" regionRef="tr_1761395412"/>
                <RegionRefIndexed index="4" regionRef="tr_1761395408"/>
                <RegionRefIndexed index="5" regionRef="tr_1761395414"/>
                <RegionRefIndexed index="6" regionRef="tr_1761395409"/>
            </OrderedGroup>
        </ReadingOrder>
        <TextRegion id="tr_1761395411" custom="readingOrder {index:0;}">
            <Coords points="376,350 1913,350 1913,451 376,451"/>
            <TextLine id="tr_1761395411_tl_1" custom="readingOrder {index:0;}">
                <Coords points="809,375 1379,384 1379,434 809,425"/>
                <Baseline points="809,420 853,417 898,420 943,420 988,420 1032,420 1077,420 1122,423 1167,423 1212,423 1256,423 1301,423 1346,426 1379,429"/>
                <TextEquiv>
                    <Unicode>HERALDO DE LA MUJER</Unicode>
                </TextEquiv>
            </TextLine>
            <TextEquiv>
                <Unicode></Unicode>
            </TextEquiv>
        </TextRegion>
        <TextRegion id="tr_1761395413" custom="readingOrder {index:1;}">
            <Coords points="1461,361 2088,361 2088,454 1461,454"/>
            <TextLine id="tr_1761395413_tl_1" custom="readingOrder {index:0;}">
                <Coords points="1979,402 2024,399 2063,405 2063,455 2024,449 1979,452"/>
                <Baseline points="1979,447 2024,444 2063,450"/>
                <TextEquiv>
                    <Unicode>13</Unicode>
                </TextEquiv>
            </TextLine>
            <TextEquiv>
                <Unicode></Unicode>
            </TextEquiv>
        </TextRegion>
        <TextRegion id="tr_1761395410" custom="readingOrder {index:2;}">
            <Coords points="182,417 1121,417 1121,2400 182,2400"/>
            <TextLine id="tr_1761395410_tl_1" custom="readingOrder {index:0;}">
                <Coords points="214,456 856,465 856,515 214,506"/>
                <Baseline points="214,501 259,501 304,501 349,501 394,504 438,504 483,504 528,504 573,504 618,504 662,504 707,504 752,504 797,507 841,510 856,510"/>
                <TextEquiv>
                    <Unicode>DOCTOR MARTINEZ ALVAREZ.</Unicode>
                </TextEquiv>
            </TextLine>
            <TextLine id="tr_1761395410_tl_2" custom="readingOrder {index:1;}">
                <Coords points="292,501 1125,510 1125,560 1098,563 292,551"/>
                <Baseline points="292,546 337,549 382,552 426,552 471,552 516,552 561,552 606,552 650,552 695,552 740,555 785,555 829,558 874,558 919,558 964,558 1009,558 1053,558 1098,558 1125,555"/>
                <TextEquiv>
                    <Unicode>No modemos menos de felicitale por su ineres</Unicode>
                </TextEquiv>
            </TextLine>
            <TextLine id="tr_1761395410_tl_3" custom="readingOrder {index:2;}">
                <Coords points="211,549 1116,561 1116,611 211,599"/>
                <Baseline points="211,594 256,594 301,597 346,597 391,597 435,597 480,597 525,597 570,600 615,597 659,597 704,600 749,600 794,600 838,603 883,603 928,600 973,603 1018,603 1062,600 1107,603 1116,606"/>
                <TextEquiv>
                    <Unicode>en promover en Pro Rico el cultivo de la música se¬</Unicode>
                </TextEquiv>
            </TextLine>
            <TextLine id="tr_1761395410_tl_4" custom="readingOrder {index:3;}">
                <Coords points="214,593 1125,605 1125,655 214,643"/>
                <Baseline points="214,638 259,641 304,641 349,641 394,644 438,641 483,644 528,644 573,641 618,644 662,644 707,644 752,647 797,647 841,647 886,647 931,647 976,647 1021,647 1065,650 1110,650 1125,650"/>
                <TextEquiv>
                    <Unicode>a la de los grandes maestros quizás venga ahora</Unicode>
                </TextEquiv>
            </TextLine>
            <TextLine id="tr_1761395410_tl_5" custom="readingOrder {index:4;}">
                <Coords points="211,638 1128,647 1107,700 211,688"/>
                <Baseline points="211,683 256,683 301,683 346,683 391,686 435,686 480,686 525,686 570,689 615,689 659,689 704,689 749,689 794,692 838,692 883,692 928,692 973,695 1018,695 1062,695 1107,695 1128,692"/>
                <TextEquiv>
                    <Unicode>sin esa tengativa, que va pros en años pasados, in¬</Unicode>
                </TextEquiv>
            </TextLine>
            <TextLine id="tr_1761395410_tl_6" custom="readingOrder {index:5;}">
                <Coords points="211,680 1128,692 1128,742 1062,745 211,730"/>
                <Baseline points="211,725 256,731 301,731 346,731 391,731 435,731 480,734 525,731 570,734 615,734 659,734 704,734 749,737 794,737 838,737 883,737 928,737 973,737 1018,737 1062,740 1107,737 1128,737"/>
                <TextEquiv>
                    <Unicode>entaron mentar entre nosotros y mue tan her¬</Unicode>
                </TextEquiv>
            </TextLine>
            <TextLine id="tr_1761395410_tl_7" custom="readingOrder {index:6;}">
                <Coords points="208,728 1116,740 1116,790 208,778"/>
                <Baseline points="208,773 253,776 298,776 343,776 388,776 432,776 477,776 522,779 567,779 612,782 656,782 701,782 746,782 791,782 835,782 880,782 925,782 970,782 1015,785 1059,785 1104,785 1116,785"/>
                <TextEquiv>
                    <Unicode>moso paso de avance de muestra verdadera cultura.</Unicode>
                </TextEquiv>
            </TextLine>
            <TextLine id="tr_1761395410_tl_8" custom="readingOrder {index:7;}">
                <Coords points="208,776 1119,784 1104,837 208,826"/>
                <Baseline points="208,821 253,824 298,824 343,824 388,824 432,824 477,824 522,824 567,826 612,826 656,826 701,826 746,826 791,829 835,829 880,829 925,829 970,829 1015,829 1059,832 1104,832 1119,829"/>
                <TextEquiv>
                    <Unicode>La música clasica es a la minica como las obras cien¬</Unicode>
                </TextEquiv>
            </TextLine>
            <TextLine id="tr_1761395410_tl_9" custom="readingOrder {index:8;}">
                <Coords points="211,823 588,826 588,876 211,873"/>
                <Baseline points="211,868 256,871 301,871 346,871 391,871 435,871 480,865 525,868 570,871 588,871"/>
                <TextEquiv>
                    <Unicode>ricas, a las literarias</Unicode>
                </TextEquiv>
            </TextLine>
            <TextLine id="tr_1761395410_tl_10" custom="readingOrder {index:9;}">
                <Coords points="286,865 1122,880 1122,930 286,915"/>
                <Baseline points="286,910 328,913 373,913 417,913 462,913 507,916 552,916 597,919 641,919 686,919 731,919 776,919 821,919 865,919 910,919 955,922 1000,922 1044,922 1089,925 1122,925"/>
                <TextEquiv>
                    <Unicode>Quizás lo que no pudo arraigar entre un pueblo</Unicode>
                </TextEquiv>
            </TextLine>
            <TextLine id="tr_1761395410_tl_11" custom="readingOrder {index:10;}">
                <Coords points="211,913 1119,928 1119,978 211,963"/>
                <Baseline points="211,958 256,961 301,961 346,961 391,961 435,964 480,961 525,961 570,961 615,961 659,964 704,964 749,964 794,967 838,967 883,967 928,967 973,967 1018,970 1062,970 1107,973 1119,973"/>
                <TextEquiv>
                    <Unicode>tivolo, ahora que sus estudios son más concienzados,</Unicode>
                </TextEquiv>
            </TextLine>
            <TextLine id="tr_1761395410_tl_12" custom="readingOrder {index:11;}">
                <Coords points="211,961 412,964 412,1014 211,1011"/>
                <Baseline points="211,1006 256,1006 301,1006 346,1006 391,1009 412,1009"/>
                <TextEquiv>
                    <Unicode>tenga nito.</Unicode>
                </TextEquiv>
            </TextLine>
            <TextLine id="tr_1761395410_tl_13" custom="readingOrder {index:12;}">
                <Coords points="214,1008 982,1014 982,1064 214,1058"/>
                <Baseline points="214,1053 259,1050 304,1050 349,1050 394,1050 438,1053 483,1050 528,1053 573,1050 618,1050 662,1053 707,1053 752,1053 797,1053 841,1053 886,1053 931,1053 976,1059 982,1059"/>
                <TextEquiv>
                    <Unicode>ELSr. FRANCISCO DE PAULA ACUNA.</Unicode>
                </TextEquiv>
            </TextLine>
            <TextLine id="tr_1761395410_tl_14" custom="readingOrder {index:13;}">
                <Coords points="280,1050 1107,1059 1107,1109 280,1100"/>
                <Baseline points="280,1095 325,1095 370,1095 414,1098 459,1098 504,1098 549,1098 594,1101 638,1098 683,1101 728,1101 773,1101 818,1101 862,1101 907,1101 952,1101 997,1104 1041,1104 1086,1104 1107,1104"/>
                <TextEquiv>
                    <Unicode>Nuestro distinguido y respetable amigo, que hu¬</Unicode>
                </TextEquiv>
            </TextLine>
            <TextLine id="tr_1761395410_tl_15" custom="readingOrder {index:14;}">
                <Coords points="203,1095 1110,1110 1110,1160 203,1145"/>
                <Baseline points="203,1140 247,1143 292,1143 337,1143 382,1143 426,1143 471,1143 516,1143 561,1146 606,1143 650,1146 695,1146 740,1146 785,1146 829,1146 874,1146 919,1146 964,1146 1009,1146 1053,1149 1098,1152 1110,1155"/>
                <TextEquiv>
                    <Unicode>el fundador del Areneo, ha sido nombrado socio de</Unicode>
                </TextEquiv>
            </TextLine>
            <TextLine id="tr_1761395410_tl_16" custom="readingOrder {index:15;}">
                <Coords points="211,1140 988,1152 988,1202 211,1190"/>
                <Baseline points="211,1185 256,1188 301,1188 346,1185 391,1188 435,1188 480,1191 525,1191 570,1191 615,1191 659,1191 704,1191 749,1191 794,1188 838,1188 883,1191 928,1191 973,1194 988,1197"/>
                <TextEquiv>
                    <Unicode>Honor de ese centro. Distinción merecidísima</Unicode>
                </TextEquiv>
            </TextLine>
            <TextLine id="tr_1761395410_tl_17" custom="readingOrder {index:16;}">
                <Coords points="203,1188 1113,1199 1113,1249 203,1238"/>
                <Baseline points="203,1233 247,1233 292,1230 337,1233 382,1236 426,1233 471,1236 516,1236 561,1236 606,1236 650,1233 695,1233 740,1233 785,1236 829,1236 874,1238 919,1238 964,1238 1009,1238 1053,1238 1098,1244 1113,1244"/>
                <TextEquiv>
                    <Unicode>ELPRIMER ATTORNEY PUERTORRIQUENO.</Unicode>
                </TextEquiv>
            </TextLine>
            <TextLine id="tr_1761395410_tl_18" custom="readingOrder {index:17;}">
                <Coords points="277,1235 1107,1244 1107,1294 277,1285"/>
                <Baseline points="277,1280 322,1277 367,1280 412,1280 456,1280 501,1283 546,1283 591,1283 635,1283 680,1283 725,1283 770,1283 815,1283 859,1283 904,1286 949,1286 994,1286 1038,1289 1083,1289 1107,1289"/>
                <TextEquiv>
                    <Unicode>Es el señor Mestre, al que congratulamos since¬</Unicode>
                </TextEquiv>
            </TextLine>
            <TextLine id="tr_1761395410_tl_19" custom="readingOrder {index:18;}">
                <Coords points="206,1280 352,1280 352,1330 206,1330"/>
                <Baseline points="206,1325 250,1325 295,1325 340,1325 352,1325"/>
                <TextEquiv>
                    <Unicode>ramente</Unicode>
                </TextEquiv>
            </TextLine>
            <TextLine id="tr_1761395410_tl_20" custom="readingOrder {index:19;}">
                <Coords points="203,1322 426,1310 716,1322 716,1372 426,1360 203,1372"/>
                <Baseline points="203,1367 247,1364 292,1361 337,1361 382,1358 426,1355 471,1358 516,1361 561,1361 606,1364 650,1361 695,1367 716,1367"/>
                <TextEquiv>
                    <Unicode>ETUR RILE BIRD.</Unicode>
                </TextEquiv>
            </TextLine>
            <TextLine id="tr_1761395410_tl_21" custom="readingOrder {index:20;}">
                <Coords points="277,1364 1098,1370 1083,1423 277,1414"/>
                <Baseline points="277,1409 322,1409 367,1412 412,1412 456,1412 501,1412 546,1412 591,1412 635,1412 680,1412 725,1412 770,1412 815,1412 859,1412 904,1412 949,1415 994,1415 1038,1418 1083,1418 1098,1415"/>
                <TextEquiv>
                    <Unicode>En Humaeso se ha constituido este Cuba, inte</Unicode>
                </TextEquiv>
            </TextLine>
            <TextLine id="tr_1761395410_tl_22" custom="readingOrder {index:21;}">
                <Coords points="197,1411 1110,1417 1110,1467 197,1461"/>
                <Baseline points="197,1456 241,1456 286,1456 331,1453 376,1456 420,1456 465,1456 510,1456 555,1456 600,1456 644,1456 689,1456 734,1459 779,1459 824,1459 868,1459 913,1462 958,1459 1003,1459 1047,1462 1092,1462 1110,1462"/>
                <TextEquiv>
                    <Unicode>grado por distinguidas señoritas, que prospere son</Unicode>
                </TextEquiv>
            </TextLine>
            <TextLine id="tr_1761395410_tl_23" custom="readingOrder {index:22;}">
                <Coords points="200,1453 483,1456 483,1506 200,1503"/>
                <Baseline points="200,1498 244,1498 289,1498 334,1498 379,1498 423,1498 468,1501 483,1501"/>
                <TextEquiv>
                    <Unicode>Nuestros deseos:</Unicode>
                </TextEquiv>
            </TextLine>
            <TextLine id="tr_1761395410_tl_24" custom="readingOrder {index:23;}">
                <Coords points="197,1501 683,1504 683,1554 197,1551"/>
                <Baseline points="197,1546 241,1543 286,1543 331,1546 376,1546 420,1543 465,1543 510,1546 555,1546 600,1546 644,1549 683,1549"/>
                <TextEquiv>
                    <Unicode>ELTEATROORIENTE.</Unicode>
                </TextEquiv>
            </TextLine>
            <TextLine id="tr_1761395410_tl_25" custom="readingOrder {index:24;}">
                <Coords points="271,1546 1107,1555 1107,1605 271,1596"/>
                <Baseline points="271,1591 316,1591 361,1591 406,1591 450,1594 495,1594 540,1591 585,1594 629,1594 674,1594 719,1594 764,1597 809,1597 853,1597 898,1597 943,1597 988,1597 1032,1600 1077,1600 1107,1600"/>
                <TextEquiv>
                    <Unicode>Este magnifico teatro de Humacao es uno de los</Unicode>
                </TextEquiv>
            </TextLine>
            <TextLine id="tr_1761395410_tl_26" custom="readingOrder {index:25;}">
                <Coords points="197,1591 809,1597 809,1647 197,1641"/>
                <Baseline points="197,1636 241,1639 286,1636 331,1636 376,1639 420,1639 465,1639 510,1639 555,1639 600,1639 644,1639 689,1639 734,1639 779,1642 809,1642"/>
                <TextEquiv>
                    <Unicode>mejores oratos de tan bella ciudad.</Unicode>
                </TextEquiv>
            </TextLine>
            <TextLine id="tr_1761395410_tl_27" custom="readingOrder {index:26;}">
                <Coords points="197,1638 546,1635 546,1685 197,1688"/>
                <Baseline points="197,1683 232,1680 277,1680 322,1680 367,1680 412,1680 456,1677 501,1680 546,1680"/>
                <TextEquiv>
                    <Unicode>ERATERNIDAD.</Unicode>
                </TextEquiv>
            </TextLine>
            <TextLine id="tr_1761395410_tl_28" custom="readingOrder {index:27;}">
                <Coords points="271,1680 1101,1686 1101,1736 1077,1739 271,1730"/>
                <Baseline points="271,1725 316,1728 361,1728 406,1728 450,1728 495,1728 540,1728 585,1731 629,1731 674,1731 719,1731 764,1731 809,1731 853,1731 898,1731 943,1731 988,1734 1032,1734 1077,1734 1101,1731"/>
                <TextEquiv>
                    <Unicode>Damos las más expresivas gracias a este distin¬</Unicode>
                </TextEquiv>
            </TextLine>
            <TextLine id="tr_1761395410_tl_29" custom="readingOrder {index:28;}">
                <Coords points="194,1737 1101,1734 1101,1784 194,1787"/>
                <Baseline points="194,1782 206,1776 250,1773 295,1773 340,1773 385,1776 429,1773 474,1773 519,1776 564,1773 609,1773 653,1770 698,1773 743,1776 788,1776 832,1776 877,1776 922,1779 967,1779 1012,1779 1056,1779 1101,1779"/>
                <TextEquiv>
                    <Unicode>guido colega por el artículo encomiástico que nos de¬</Unicode>
                </TextEquiv>
            </TextLine>
            <TextLine id="tr_1761395410_tl_30" custom="readingOrder {index:29;}">
                <Coords points="194,1776 1098,1779 1089,1832 194,1826"/>
                <Baseline points="194,1821 238,1821 283,1818 328,1818 373,1818 417,1821 462,1818 507,1821 552,1821 597,1821 641,1818 686,1821 731,1821 776,1824 821,1824 865,1824 910,1824 955,1824 1000,1821 1044,1827 1089,1827 1098,1824"/>
                <TextEquiv>
                    <Unicode>lica a cuyos elosios no nos consideramos acreedoras</Unicode>
                </TextEquiv>
            </TextLine>
            <TextLine id="tr_1761395410_tl_31" custom="readingOrder {index:30;}">
                <Coords points="268,1820 1104,1826 1104,1876 268,1870"/>
                <Baseline points="268,1865 313,1862 358,1865 403,1862 447,1865 492,1862 537,1862 582,1865 626,1865 671,1865 716,1868 761,1868 806,1868 850,1868 895,1871 940,1871 985,1868 1030,1871 1074,1871 1104,1871"/>
                <TextEquiv>
                    <Unicode>Aunque con escasos méritos, por una necesidad</Unicode>
                </TextEquiv>
            </TextLine>
            <TextLine id="tr_1761395410_tl_32" custom="readingOrder {index:31;}">
                <Coords points="185,1862 1095,1871 1080,1924 185,1912"/>
                <Baseline points="185,1907 229,1910 274,1910 319,1910 364,1910 409,1910 453,1910 498,1910 543,1910 588,1910 632,1910 677,1910 722,1913 767,1913 812,1913 856,1913 901,1913 946,1916 991,1916 1035,1916 1080,1919 1095,1916"/>
                <TextEquiv>
                    <Unicode>de muestra alma procuraremos ayudar en la media:</Unicode>
                </TextEquiv>
            </TextLine>
            <TextLine id="tr_1761395410_tl_33" custom="readingOrder {index:32;}">
                <Coords points="194,1910 838,1913 838,1963 194,1960"/>
                <Baseline points="194,1955 238,1955 283,1955 328,1955 373,1955 417,1955 462,1958 507,1958 552,1955 597,1958 641,1958 686,1958 731,1958 776,1958 821,1958 838,1958"/>
                <TextEquiv>
                    <Unicode>de nuestras fuerzas a la cultura patria</Unicode>
                </TextEquiv>
            </TextLine>
            <TextLine id="tr_1761395410_tl_34" custom="readingOrder {index:33;}">
                <Coords points="262,1958 1098,1970 1098,2020 262,2008"/>
                <Baseline points="262,2003 307,1997 352,2000 397,2000 441,1997 486,2000 531,2003 576,2000 620,2003 665,2003 710,2003 755,2003 800,2003 844,2003 889,2006 934,2006 979,2006 1024,2009 1068,2009 1098,2015"/>
                <TextEquiv>
                    <Unicode>Pero hemos de decir á nuestro estimado colega,</Unicode>
                </TextEquiv>
            </TextLine>
            <TextLine id="tr_1761395410_tl_35" custom="readingOrder {index:34;}">
                <Coords points="194,2003 1089,2006 1089,2056 1044,2059 194,2053"/>
                <Baseline points="194,2048 238,2048 283,2048 328,2045 373,2045 417,2045 462,2045 507,2045 552,2048 597,2048 641,2048 686,2048 731,2048 776,2048 821,2051 865,2051 910,2051 955,2051 1000,2054 1044,2054 1089,2051"/>
                <TextEquiv>
                    <Unicode>que después de estudiar durante cuarenta años el es¬</Unicode>
                </TextEquiv>
            </TextLine>
            <TextLine id="tr_1761395410_tl_36" custom="readingOrder {index:35;}">
                <Coords points="194,2050 1095,2053 1089,2106 194,2100"/>
                <Baseline points="194,2095 238,2092 283,2092 328,2092 373,2089 417,2089 462,2089 507,2092 552,2092 597,2092 641,2092 686,2095 731,2092 776,2095 821,2095 865,2095 910,2095 955,2098 1000,2098 1044,2098 1089,2101 1095,2098"/>
                <TextEquiv>
                    <Unicode>piritismo y sus fenómenos, abrigamos la convicción</Unicode>
                </TextEquiv>
            </TextLine>
            <TextLine id="tr_1761395410_tl_37" custom="readingOrder {index:36;}">
                <Coords points="185,2092 1095,2101 1095,2151 185,2142"/>
                <Baseline points="185,2137 229,2137 274,2137 319,2137 364,2137 409,2137 453,2137 498,2137 543,2140 588,2140 632,2137 677,2137 722,2137 767,2140 812,2140 856,2137 901,2137 946,2143 991,2143 1035,2143 1080,2143 1095,2146"/>
                <TextEquiv>
                    <Unicode>firme de que es la ciencia la que ha de estudiar; con</Unicode>
                </TextEquiv>
            </TextLine>
            <TextLine id="tr_1761395410_tl_38" custom="readingOrder {index:37;}">
                <Coords points="188,2134 1089,2149 1089,2199 188,2184"/>
                <Baseline points="188,2179 232,2185 277,2182 322,2182 367,2182 412,2179 456,2179 501,2182 546,2182 591,2182 635,2182 680,2185 725,2182 770,2185 815,2185 859,2185 904,2185 949,2188 994,2191 1038,2191 1083,2191 1089,2194"/>
                <TextEquiv>
                    <Unicode>independencia de toda idea religiosa, sus fenómenos.</Unicode>
                </TextEquiv>
            </TextLine>
            <TextLine id="tr_1761395410_tl_39" custom="readingOrder {index:38;}">
                <Coords points="259,2182 1089,2194 1089,2244 259,2232"/>
                <Baseline points="259,2227 304,2227 349,2227 394,2227 438,2227 483,2227 528,2227 573,2227 618,2227 662,2227 707,2230 752,2230 797,2230 841,2230 886,2230 931,2233 976,2233 1021,2236 1065,2236 1089,2239"/>
                <TextEquiv>
                    <Unicode>Ningún nero tiene ni puede tener el espiritismo,</Unicode>
                </TextEquiv>
            </TextLine>
            <TextLine id="tr_1761395410_tl_40" custom="readingOrder {index:39;}">
                <Coords points="179,2226 1098,2235 1098,2285 179,2276"/>
                <Baseline points="179,2271 223,2274 268,2274 313,2274 358,2274 403,2271 447,2274 492,2274 537,2274 582,2274 626,2274 671,2274 716,2274 761,2274 806,2277 850,2277 895,2277 940,2277 985,2280 1030,2280 1074,2280 1098,2280"/>
                <TextEquiv>
                    <Unicode>con ellesa alguna, por lo anto en nada pa de peri¬</Unicode>
                </TextEquiv>
            </TextLine>
            <TextLine id="tr_1761395410_tl_41" custom="readingOrder {index:40;}">
                <Coords points="185,2271 1098,2280 1098,2330 1035,2333 185,2321"/>
                <Baseline points="185,2316 229,2316 274,2319 319,2319 364,2319 409,2319 453,2319 498,2319 543,2319 588,2319 632,2322 677,2319 722,2322 767,2322 812,2322 856,2322 901,2325 946,2325 991,2328 1035,2328 1080,2325 1098,2325"/>
                <TextEquiv>
                    <Unicode>dicar las distinas creencias que profesa la humani¬</Unicode>
                </TextEquiv>
            </TextLine>
            <TextLine id="tr_1761395410_tl_42" custom="readingOrder {index:41;}">
                <Coords points="185,2316 274,2319 274,2369 185,2366"/>
                <Baseline points="185,2361 229,2364 274,2364"/>
                <TextEquiv>
                    <Unicode>dad.</Unicode>
                </TextEquiv>
            </TextLine>
            <TextEquiv>
                <Unicode></Unicode>
            </TextEquiv>
        </TextRegion>
        <TextRegion id="tr_1761395412" custom="readingOrder {index:3;}">
            <Coords points="183,1137 1127,1137 1127,3088 183,3088"/>
            <TextLine id="tr_1761395412_tl_1" custom="readingOrder {index:0;}">
                <Coords points="262,2373 1095,2385 1095,2435 262,2423"/>
                <Baseline points="262,2418 307,2418 352,2421 397,2421 441,2421 486,2421 531,2418 576,2418 620,2418 665,2421 710,2421 755,2421 800,2424 844,2424 889,2424 934,2424 979,2427 1024,2427 1068,2427 1095,2430"/>
                <TextEquiv>
                    <Unicode>Es una ciencia, a la que se ha agregado la moral</Unicode>
                </TextEquiv>
            </TextLine>
            <TextLine id="tr_1761395412_tl_2" custom="readingOrder {index:1;}">
                <Coords points="191,2415 1089,2430 1089,2480 191,2465"/>
                <Baseline points="191,2460 235,2463 280,2463 325,2463 370,2463 414,2463 459,2463 504,2463 549,2463 594,2466 638,2466 683,2466 728,2466 773,2466 818,2466 862,2466 907,2469 952,2469 997,2472 1041,2472 1086,2475 1089,2475"/>
                <TextEquiv>
                    <Unicode>cristiana en toda su pureza, pero la cual nada inhuye</Unicode>
                </TextEquiv>
            </TextLine>
            <TextLine id="tr_1761395412_tl_3" custom="readingOrder {index:2;}">
                <Coords points="179,2462 1089,2471 1089,2521 179,2512"/>
                <Baseline points="179,2507 223,2510 268,2510 313,2507 358,2510 403,2510 447,2507 492,2510 537,2510 582,2510 626,2510 671,2510 716,2510 761,2513 806,2513 850,2513 895,2513 940,2516 985,2516 1030,2516 1074,2516 1089,2516"/>
                <TextEquiv>
                    <Unicode>ni puede inquir en los fenómenos que nos dan la evi¬</Unicode>
                </TextEquiv>
            </TextLine>
            <TextLine id="tr_1761395412_tl_4" custom="readingOrder {index:3;}">
                <Coords points="182,2507 1089,2522 1089,2572 182,2557"/>
                <Baseline points="182,2552 226,2555 271,2552 316,2555 361,2555 406,2552 450,2555 495,2555 540,2555 585,2555 629,2555 674,2555 719,2558 764,2558 809,2558 853,2558 898,2558 943,2561 988,2561 1032,2561 1077,2564 1089,2567"/>
                <TextEquiv>
                    <Unicode>dencia de la vida ultra terrestre, y que son tan dignos</Unicode>
                </TextEquiv>
            </TextLine>
            <TextLine id="tr_1761395412_tl_5" custom="readingOrder {index:4;}">
                <Coords points="182,2552 1089,2564 1089,2614 182,2602"/>
                <Baseline points="182,2597 226,2597 271,2597 316,2597 361,2597 406,2600 450,2600 495,2600 540,2600 585,2600 629,2600 674,2603 719,2603 764,2600 809,2603 853,2603 898,2603 943,2606 988,2606 1032,2609 1077,2609 1089,2609"/>
                <TextEquiv>
                    <Unicode>de estudio, como los efectos de la elecricidad, de las</Unicode>
                </TextEquiv>
            </TextLine>
            <TextLine id="tr_1761395412_tl_6" custom="readingOrder {index:5;}">
                <Coords points="179,2594 1089,2606 1074,2659 179,2644"/>
                <Baseline points="179,2639 223,2645 268,2642 313,2645 358,2645 403,2645 447,2648 492,2645 537,2645 582,2645 626,2645 671,2648 716,2648 761,2648 806,2648 850,2648 895,2651 940,2651 985,2651 1030,2654 1074,2654 1089,2651"/>
                <TextEquiv>
                    <Unicode>madas hercianas y otros fenómenos físicos que ocu¬</Unicode>
                </TextEquiv>
            </TextLine>
            <TextLine id="tr_1761395412_tl_7" custom="readingOrder {index:6;}">
                <Coords points="179,2647 1086,2653 1074,2706 179,2697"/>
                <Baseline points="179,2692 223,2689 268,2689 313,2689 358,2692 403,2692 447,2692 492,2692 537,2692 582,2692 626,2692 671,2692 716,2692 761,2692 806,2695 850,2695 895,2698 940,2698 985,2698 1030,2701 1074,2701 1086,2698"/>
                <TextEquiv>
                    <Unicode>pan hoy la atención de los más eminentes cientificos</Unicode>
                </TextEquiv>
            </TextLine>
            <TextLine id="tr_1761395412_tl_8" custom="readingOrder {index:7;}">
                <Coords points="182,2689 379,2692 379,2742 182,2739"/>
                <Baseline points="182,2734 226,2734 271,2734 316,2737 361,2737 379,2737"/>
                <TextEquiv>
                    <Unicode>del mundo.</Unicode>
                </TextEquiv>
            </TextLine>
            <TextLine id="tr_1761395412_tl_9" custom="readingOrder {index:8;}">
                <Coords points="182,2737 913,2746 913,2796 182,2787"/>
                <Baseline points="182,2782 226,2776 271,2779 316,2779 361,2779 406,2782 450,2779 495,2779 540,2782 585,2782 629,2782 674,2782 719,2782 764,2785 809,2785 853,2785 898,2791 913,2791"/>
                <TextEquiv>
                    <Unicode>FEMOS RECIBIDO DE BALTIMORE.</Unicode>
                </TextEquiv>
            </TextLine>
            <TextLine id="tr_1761395412_tl_10" custom="readingOrder {index:9;}">
                <Coords points="250,2776 1086,2797 1086,2847 250,2826"/>
                <Baseline points="250,2821 295,2824 340,2824 385,2824 429,2824 474,2827 519,2827 564,2830 609,2830 653,2830 698,2830 743,2830 788,2833 832,2833 877,2836 922,2836 967,2839 1012,2839 1056,2842 1086,2842"/>
                <TextEquiv>
                    <Unicode>Un precioso vale con que nos obsequia su auror,</Unicode>
                </TextEquiv>
            </TextLine>
            <TextLine id="tr_1761395412_tl_11" custom="readingOrder {index:10;}">
                <Coords points="173,2821 883,2833 883,2883 844,2886 173,2871"/>
                <Baseline points="173,2866 217,2869 262,2872 307,2872 352,2875 397,2872 441,2872 486,2872 531,2872 576,2875 620,2875 665,2875 710,2878 755,2878 800,2878 844,2881 883,2878"/>
                <TextEquiv>
                    <Unicode>el pren falo Roqué Marin. Mi gracias.</Unicode>
                </TextEquiv>
            </TextLine>
            <TextLine id="tr_1761395412_tl_12" custom="readingOrder {index:11;}">
                <Coords points="220,2868 683,2874 683,2924 668,2927 220,2918"/>
                <Baseline points="220,2913 265,2916 310,2916 355,2916 400,2916 444,2916 489,2916 534,2916 579,2916 623,2916 668,2922 683,2919"/>
                <TextEquiv>
                    <Unicode>A GRANIA MACONICA.</Unicode>
                </TextEquiv>
            </TextLine>
            <TextLine id="tr_1761395412_tl_13" custom="readingOrder {index:12;}">
                <Coords points="244,2913 1089,2928 1089,2978 1050,2981 244,2963"/>
                <Baseline points="244,2958 289,2961 334,2961 379,2961 423,2964 468,2964 513,2964 558,2967 603,2967 647,2967 692,2967 737,2967 782,2967 826,2967 871,2970 916,2973 961,2970 1006,2973 1050,2976 1089,2973"/>
                <TextEquiv>
                    <Unicode>Brillante ha sido la inauguración de la Grania</Unicode>
                </TextEquiv>
            </TextLine>
            <TextLine id="tr_1761395412_tl_14" custom="readingOrder {index:13;}">
                <Coords points="179,2958 573,2964 573,3014 179,3008"/>
                <Baseline points="179,3003 223,3003 268,3006 313,3006 358,3009 403,3009 447,3009 492,3009 537,3009 573,3009"/>
                <TextEquiv>
                    <Unicode>Masónica de Bavamón.</Unicode>
                </TextEquiv>
            </TextLine>
            <TextLine id="tr_1761395412_tl_15" custom="readingOrder {index:14;}">
                <Coords points="241,3006 1328,3027 1328,3077 241,3056"/>
                <Baseline points="241,3051 286,3051 331,3054 376,3054 420,3057 465,3057 510,3060 555,3057 600,3060 644,3060 689,3060 734,3060 779,3060 824,3063 868,3063 913,3063 958,3063 1003,3066 1047,3066 1086,3066 1110,3066 1155,3069 1200,3069 1244,3069 1289,3069 1328,3072"/>
                <TextEquiv>
                    <Unicode>Es otra casa de Dios que se levanta, donde se le hablemente.</Unicode>
                </TextEquiv>
            </TextLine>
            <TextEquiv>
                <Unicode></Unicode>
            </TextEquiv>
        </TextRegion>
        <TextRegion id="tr_1761395408" custom="readingOrder {index:4;}">
            <Coords points="1110,1063 2117,1063 2117,3105 1110,3105"/>
            <TextLine id="tr_1761395408_tl_1" custom="readingOrder {index:0;}">
                <Coords points="1152,1047 1310,1053 1310,1103 1152,1097"/>
                <Baseline points="1152,1092 1197,1092 1241,1092 1286,1095 1310,1098"/>
                <TextEquiv>
                    <Unicode>temente.</Unicode>
                </TextEquiv>
            </TextLine>
            <TextLine id="tr_1761395408_tl_2" custom="readingOrder {index:1;}">
                <Coords points="1224,1095 2065,1110 2065,1160 2030,1163 1224,1145"/>
                <Baseline points="1224,1140 1268,1143 1313,1143 1358,1146 1403,1146 1447,1146 1492,1149 1537,1149 1582,1149 1627,1149 1671,1152 1716,1152 1761,1152 1806,1152 1851,1152 1895,1155 1940,1155 1985,1158 2030,1158 2065,1155"/>
                <TextEquiv>
                    <Unicode>Doña Carmen otero de Galues, fallecida en la Ha¬</Unicode>
                </TextEquiv>
            </TextLine>
            <TextLine id="tr_1761395408_tl_3" custom="readingOrder {index:2;}">
                <Coords points="1152,1137 2054,1155 2048,1208 1152,1187"/>
                <Baseline points="1152,1182 1197,1185 1241,1185 1286,1185 1331,1188 1376,1188 1421,1188 1465,1191 1510,1191 1555,1194 1600,1194 1645,1194 1689,1197 1734,1197 1779,1197 1824,1197 1868,1200 1913,1200 1958,1203 2003,1203 2048,1203 2054,1200"/>
                <TextEquiv>
                    <Unicode>bana madre del señor uno Calver quero nuestro</Unicode>
                </TextEquiv>
            </TextLine>
            <TextLine id="tr_1761395408_tl_4" custom="readingOrder {index:3;}">
                <Coords points="1146,1182 1262,1188 1262,1238 1146,1232"/>
                <Baseline points="1146,1227 1191,1230 1236,1230 1262,1233"/>
                <TextEquiv>
                    <Unicode>amigo.</Unicode>
                </TextEquiv>
            </TextLine>
            <TextLine id="tr_1761395408_tl_5" custom="readingOrder {index:4;}">
                <Coords points="1224,1232 2057,1247 2057,1297 2030,1300 1224,1282"/>
                <Baseline points="1224,1277 1268,1277 1313,1280 1358,1280 1403,1280 1447,1283 1492,1286 1537,1286 1582,1286 1627,1286 1671,1286 1716,1286 1761,1289 1806,1289 1851,1289 1895,1289 1940,1292 1985,1292 2030,1295 2057,1292"/>
                <TextEquiv>
                    <Unicode>El Sr. Reyes Puis Soler, que acaba de morir en</Unicode>
                </TextEquiv>
            </TextLine>
            <TextLine id="tr_1761395408_tl_6" custom="readingOrder {index:5;}">
                <Coords points="1149,1271 2018,1292 2018,1342 1149,1321"/>
                <Baseline points="1149,1316 1194,1319 1238,1322 1283,1322 1328,1322 1373,1325 1418,1325 1462,1328 1507,1328 1552,1328 1597,1328 1642,1331 1686,1331 1731,1331 1776,1331 1821,1334 1865,1334 1910,1334 1955,1337 2000,1337 2018,1337"/>
                <TextEquiv>
                    <Unicode>Santre el cual que nuestro discipalo muy querido.</Unicode>
                </TextEquiv>
            </TextLine>
            <TextLine id="tr_1761395408_tl_7" custom="readingOrder {index:6;}">
                <Coords points="1218,1322 2051,1340 2051,1390 1218,1372"/>
                <Baseline points="1218,1367 1262,1370 1307,1370 1352,1373 1397,1373 1442,1376 1486,1376 1531,1373 1576,1376 1621,1376 1665,1379 1710,1376 1755,1379 1800,1379 1845,1379 1889,1379 1934,1382 1979,1382 2024,1385 2051,1385"/>
                <TextEquiv>
                    <Unicode>Sra. Cienencia de Valacial muera en abucos.</Unicode>
                </TextEquiv>
            </TextLine>
            <TextLine id="tr_1761395408_tl_8" custom="readingOrder {index:7;}">
                <Coords points="1221,1367 2057,1388 2057,1438 1221,1417"/>
                <Baseline points="1221,1412 1265,1415 1310,1415 1355,1418 1400,1418 1444,1421 1489,1421 1534,1424 1579,1424 1624,1421 1668,1424 1713,1424 1758,1424 1803,1424 1848,1424 1892,1424 1937,1427 1982,1430 2027,1433 2057,1433"/>
                <TextEquiv>
                    <Unicode>Lado, José Moreal Lones, anugo y estimado</Unicode>
                </TextEquiv>
            </TextLine>
            <TextLine id="tr_1761395408_tl_9" custom="readingOrder {index:8;}">
                <Coords points="1149,1411 1256,1414 1256,1464 1149,1461"/>
                <Baseline points="1149,1456 1194,1456 1238,1456 1256,1459"/>
                <TextEquiv>
                    <Unicode>amigo.</Unicode>
                </TextEquiv>
            </TextLine>
            <TextLine id="tr_1761395408_tl_10" custom="readingOrder {index:9;}">
                <Coords points="1218,1456 2051,1474 2051,1524 2024,1527 1218,1506"/>
                <Baseline points="1218,1501 1262,1504 1307,1504 1352,1507 1397,1510 1442,1507 1486,1510 1531,1510 1576,1510 1621,1513 1665,1513 1710,1513 1755,1516 1800,1516 1845,1516 1889,1516 1934,1519 1979,1519 2024,1522 2051,1519"/>
                <TextEquiv>
                    <Unicode>Srta. Penila Conte, la dulce poerisa, cagueña, al¬</Unicode>
                </TextEquiv>
            </TextLine>
            <TextLine id="tr_1761395408_tl_11" custom="readingOrder {index:10;}">
                <Coords points="1143,1498 1889,1519 1889,1569 1143,1548"/>
                <Baseline points="1143,1543 1188,1546 1233,1546 1277,1549 1322,1549 1367,1552 1412,1555 1456,1555 1501,1555 1546,1555 1591,1555 1636,1558 1680,1558 1725,1561 1770,1561 1815,1561 1859,1564 1889,1564"/>
                <TextEquiv>
                    <Unicode>ma blanca abierra a todo lo moble y grande¬</Unicode>
                </TextEquiv>
            </TextLine>
            <TextLine id="tr_1761395408_tl_12" custom="readingOrder {index:11;}">
                <Coords points="1218,1549 2048,1567 2048,1617 1218,1599"/>
                <Baseline points="1218,1594 1262,1594 1307,1597 1352,1597 1397,1600 1442,1600 1486,1600 1531,1600 1576,1603 1621,1603 1665,1603 1710,1606 1755,1606 1800,1606 1845,1606 1889,1609 1934,1612 1979,1612 2024,1612 2048,1612"/>
                <TextEquiv>
                    <Unicode>Doña Micada Nusa de Losas. mujer superior y</Unicode>
                </TextEquiv>
            </TextLine>
            <TextLine id="tr_1761395408_tl_13" custom="readingOrder {index:12;}">
                <Coords points="1140,1591 2051,1611 2051,1661 1140,1641"/>
                <Baseline points="1140,1636 1185,1636 1230,1639 1274,1639 1319,1642 1364,1642 1409,1645 1453,1642 1498,1645 1543,1645 1588,1645 1633,1648 1677,1648 1722,1648 1767,1650 1812,1650 1857,1650 1901,1653 1946,1653 1991,1653 2036,1656 2051,1656"/>
                <TextEquiv>
                    <Unicode>porable por muchos concentos esposa que rie de don</Unicode>
                </TextEquiv>
            </TextLine>
            <TextLine id="tr_1761395408_tl_14" custom="readingOrder {index:13;}">
                <Coords points="1143,1635 2054,1656 2039,1709 1143,1685"/>
                <Baseline points="1143,1680 1188,1683 1233,1683 1277,1683 1322,1683 1367,1686 1412,1689 1456,1686 1501,1689 1546,1692 1591,1689 1636,1692 1680,1692 1725,1695 1770,1695 1815,1698 1859,1698 1904,1698 1949,1701 1994,1701 2039,1704 2054,1701"/>
                <TextEquiv>
                    <Unicode>Ramón B. Lenen y madre de nuestra compañera Mila</Unicode>
                </TextEquiv>
            </TextLine>
            <TextLine id="tr_1761395408_tl_15" custom="readingOrder {index:14;}">
                <Coords points="1143,1683 1776,1695 1770,1748 1143,1733"/>
                <Baseline points="1143,1728 1188,1728 1233,1731 1277,1731 1322,1734 1367,1734 1412,1734 1456,1734 1501,1734 1546,1737 1591,1737 1636,1737 1680,1740 1725,1743 1770,1743 1776,1740"/>
                <TextEquiv>
                    <Unicode>Lopen, y de la señora del Dr. Astora.</Unicode>
                </TextEquiv>
            </TextLine>
            <TextLine id="tr_1761395408_tl_16" custom="readingOrder {index:15;}">
                <Coords points="1218,1731 1883,1746 1883,1796 1218,1781"/>
                <Baseline points="1218,1776 1262,1779 1307,1779 1352,1779 1397,1779 1442,1782 1486,1782 1531,1785 1576,1785 1621,1785 1665,1785 1710,1788 1755,1788 1800,1791 1845,1791 1883,1791"/>
                <TextEquiv>
                    <Unicode>Dos Santiago carina, en Barcelonera.</Unicode>
                </TextEquiv>
            </TextLine>
            <TextLine id="tr_1761395408_tl_17" custom="readingOrder {index:16;}">
                <Coords points="1218,1776 2045,1791 2045,1841 2024,1844 1218,1826"/>
                <Baseline points="1218,1821 1262,1824 1307,1824 1352,1827 1397,1827 1442,1827 1486,1827 1531,1830 1576,1830 1621,1830 1665,1833 1710,1833 1755,1833 1800,1836 1845,1836 1889,1839 1934,1839 1979,1839 2024,1839 2045,1836"/>
                <TextEquiv>
                    <Unicode>pona Tala Cegal de Conila, falecida en Ex¬</Unicode>
                </TextEquiv>
            </TextLine>
            <TextLine id="tr_1761395408_tl_18" custom="readingOrder {index:17;}">
                <Coords points="1143,1823 2045,1838 2039,1891 1143,1873"/>
                <Baseline points="1143,1868 1188,1865 1233,1865 1277,1868 1322,1871 1367,1871 1412,1871 1456,1871 1501,1871 1546,1874 1591,1874 1636,1877 1680,1877 1725,1877 1770,1880 1815,1877 1859,1880 1904,1880 1949,1883 1994,1883 2039,1886 2045,1883"/>
                <TextEquiv>
                    <Unicode>paña y la esposa del Sr. Bencicio, nuestro actual co¬</Unicode>
                </TextEquiv>
            </TextLine>
            <TextLine id="tr_1761395408_tl_19" custom="readingOrder {index:18;}">
                <Coords points="1140,1865 1713,1877 1713,1927 1140,1915"/>
                <Baseline points="1140,1910 1185,1910 1230,1910 1274,1910 1319,1913 1364,1913 1409,1916 1453,1916 1498,1916 1543,1916 1588,1919 1633,1919 1677,1922 1713,1922"/>
                <TextEquiv>
                    <Unicode>bernador que murió en San Juan¬</Unicode>
                </TextEquiv>
            </TextLine>
            <TextLine id="tr_1761395408_tl_20" custom="readingOrder {index:19;}">
                <Coords points="1218,1913 2045,1931 2045,1981 2024,1984 1218,1963"/>
                <Baseline points="1218,1958 1262,1958 1307,1958 1352,1958 1397,1958 1442,1961 1486,1961 1531,1964 1576,1964 1621,1967 1665,1967 1710,1967 1755,1970 1800,1970 1845,1970 1889,1973 1934,1973 1979,1976 2024,1979 2045,1976"/>
                <TextEquiv>
                    <Unicode>También expresamos nuestra condolencia á la</Unicode>
                </TextEquiv>
            </TextLine>
            <TextLine id="tr_1761395408_tl_21" custom="readingOrder {index:20;}">
                <Coords points="1143,1958 2051,1979 2051,2029 1143,2008"/>
                <Baseline points="1143,2003 1188,2000 1233,2003 1277,2003 1322,2006 1367,2006 1412,2006 1456,2009 1501,2009 1546,2009 1591,2009 1636,2012 1680,2012 1725,2015 1770,2015 1815,2018 1859,2015 1904,2018 1949,2021 1994,2018 2039,2021 2051,2024"/>
                <TextEquiv>
                    <Unicode>querida amiga Trina Padilla de Sanz, por la muerte</Unicode>
                </TextEquiv>
            </TextLine>
            <TextLine id="tr_1761395408_tl_22" custom="readingOrder {index:21;}">
                <Coords points="1140,2000 2039,2020 2036,2073 1140,2050"/>
                <Baseline points="1140,2045 1185,2045 1230,2048 1274,2048 1319,2048 1364,2051 1409,2051 1453,2054 1498,2054 1543,2054 1588,2057 1633,2057 1677,2057 1722,2060 1767,2060 1812,2063 1857,2063 1901,2063 1946,2065 1991,2068 2036,2068 2039,2065"/>
                <TextEquiv>
                    <Unicode>de su nerecito. Dehoso el que muere sin experimen¬</Unicode>
                </TextEquiv>
            </TextLine>
            <TextLine id="tr_1761395408_tl_23" custom="readingOrder {index:22;}">
                <Coords points="1143,2047 1603,2056 1603,2106 1143,2097"/>
                <Baseline points="1143,2092 1188,2092 1233,2092 1277,2092 1322,2095 1367,2092 1412,2095 1456,2098 1501,2098 1546,2098 1591,2101 1603,2101"/>
                <TextEquiv>
                    <Unicode>tar las amarguras del vivir</Unicode>
                </TextEquiv>
            </TextLine>
            <TextLine id="tr_1761395408_tl_24" custom="readingOrder {index:23;}">
                <Coords points="1134,2092 1970,2113 1970,2163 1134,2142"/>
                <Baseline points="1134,2137 1179,2134 1224,2134 1268,2140 1313,2140 1358,2140 1403,2140 1447,2140 1492,2143 1537,2146 1582,2146 1627,2149 1671,2149 1716,2149 1761,2152 1806,2152 1851,2149 1895,2152 1940,2158 1970,2158"/>
                <TextEquiv>
                    <Unicode>PERIODICOS NUEVAMENTE RECIBIDOS.</Unicode>
                </TextEquiv>
            </TextLine>
            <TextLine id="tr_1761395408_tl_25" custom="readingOrder {index:24;}">
                <Coords points="1212,2125 2048,2158 2048,2208 2018,2211 1212,2175"/>
                <Baseline points="1212,2170 1256,2182 1301,2182 1346,2185 1391,2185 1436,2188 1480,2188 1525,2188 1570,2191 1615,2194 1659,2194 1704,2194 1749,2194 1794,2197 1839,2197 1883,2200 1928,2200 1973,2203 2018,2206 2048,2203"/>
                <TextEquiv>
                    <Unicode>Nuestra papara magnica muy bien eser¬</Unicode>
                </TextEquiv>
            </TextLine>
            <TextLine id="tr_1761395408_tl_26" custom="readingOrder {index:25;}">
                <Coords points="1134,2182 1716,2197 1716,2247 1134,2232"/>
                <Baseline points="1134,2227 1179,2227 1224,2227 1268,2230 1313,2230 1358,2230 1403,2233 1447,2233 1492,2233 1537,2236 1582,2236 1627,2239 1671,2239 1716,2242"/>
                <TextEquiv>
                    <Unicode>ta y bien presentada. Es semanal.</Unicode>
                </TextEquiv>
            </TextLine>
            <TextLine id="tr_1761395408_tl_27" custom="readingOrder {index:26;}">
                <Coords points="1218,2221 2039,2253 2039,2303 1218,2271"/>
                <Baseline points="1218,2266 1262,2271 1307,2274 1352,2274 1397,2277 1442,2277 1486,2280 1531,2280 1576,2280 1621,2280 1665,2283 1710,2286 1755,2289 1800,2289 1845,2292 1889,2292 1934,2292 1979,2292 2024,2295 2039,2298"/>
                <TextEquiv>
                    <Unicode>El ploro redacrado por los caballeros de co¬</Unicode>
                </TextEquiv>
            </TextLine>
            <TextLine id="tr_1761395408_tl_28" custom="readingOrder {index:27;}">
                <Coords points="1128,2274 1785,2289 1785,2339 1128,2324"/>
                <Baseline points="1128,2319 1173,2322 1218,2319 1262,2316 1307,2319 1352,2322 1397,2322 1442,2322 1486,2325 1531,2325 1576,2325 1621,2328 1665,2325 1710,2331 1755,2331 1785,2334"/>
                <TextEquiv>
                    <Unicode>lón, revista quincenal muy interesante.</Unicode>
                </TextEquiv>
            </TextLine>
            <TextLine id="tr_1761395408_tl_29" custom="readingOrder {index:28;}">
                <Coords points="1209,2304 2039,2337 2039,2387 1209,2354"/>
                <Baseline points="1209,2349 1253,2352 1298,2355 1343,2358 1388,2358 1433,2361 1477,2361 1522,2364 1567,2367 1612,2367 1656,2367 1701,2370 1746,2370 1791,2373 1836,2373 1880,2376 1925,2376 1970,2379 2015,2379 2039,2382"/>
                <TextEquiv>
                    <Unicode>Para Femenina astrada revista mensual,</Unicode>
                </TextEquiv>
            </TextLine>
            <TextLine id="tr_1761395408_tl_30" custom="readingOrder {index:29;}">
                <Coords points="1128,2355 2039,2376 2024,2429 1128,2405"/>
                <Baseline points="1128,2400 1173,2400 1218,2403 1262,2403 1307,2403 1352,2406 1397,2406 1442,2409 1486,2409 1531,2409 1576,2409 1621,2412 1665,2412 1710,2415 1755,2418 1800,2418 1845,2418 1889,2421 1934,2421 1979,2424 2024,2424 2039,2421"/>
                <TextEquiv>
                    <Unicode>de Manaria, Nicaragua Muy bien escita pres¬</Unicode>
                </TextEquiv>
            </TextLine>
            <TextLine id="tr_1761395408_tl_31" custom="readingOrder {index:30;}">
                <Coords points="1134,2400 1585,2412 1585,2462 1134,2450"/>
                <Baseline points="1134,2445 1179,2448 1224,2445 1268,2448 1313,2448 1358,2451 1403,2451 1447,2451 1492,2451 1537,2454 1582,2457 1585,2457"/>
                <TextEquiv>
                    <Unicode>pora losta T. de Aguerr.</Unicode>
                </TextEquiv>
            </TextLine>
            <TextLine id="tr_1761395408_tl_32" custom="readingOrder {index:31;}">
                <Coords points="1209,2441 1922,2459 1922,2509 1209,2491"/>
                <Baseline points="1209,2486 1253,2486 1298,2486 1343,2486 1388,2489 1433,2489 1477,2492 1522,2492 1567,2495 1612,2498 1656,2498 1701,2498 1746,2501 1791,2501 1836,2501 1880,2501 1922,2504"/>
                <TextEquiv>
                    <Unicode>A todos deseamos larga vida y prosperidad.</Unicode>
                </TextEquiv>
            </TextLine>
            <TextLine id="tr_1761395408_tl_33" custom="readingOrder {index:32;}">
                <Coords points="1128,2486 1364,2486 1364,2536 1128,2536"/>
                <Baseline points="1128,2531 1173,2528 1218,2528 1262,2531 1307,2528 1352,2531 1364,2531"/>
                <TextEquiv>
                    <Unicode>LEGRESO.</Unicode>
                </TextEquiv>
            </TextLine>
            <TextLine id="tr_1761395408_tl_34" custom="readingOrder {index:33;}">
                <Coords points="1206,2522 2027,2543 2027,2593 1206,2572"/>
                <Baseline points="1206,2567 1250,2570 1295,2570 1340,2570 1385,2573 1430,2573 1474,2576 1519,2576 1564,2579 1609,2579 1653,2579 1698,2582 1743,2582 1788,2582 1833,2585 1877,2585 1922,2588 1967,2588 2012,2588 2027,2588"/>
                <TextEquiv>
                    <Unicode>Aunque tarde, por la suspensión temporal del</Unicode>
                </TextEquiv>
            </TextLine>
            <TextLine id="tr_1761395408_tl_35" custom="readingOrder {index:34;}">
                <Coords points="1131,2570 2033,2588 2027,2641 1131,2620"/>
                <Baseline points="1131,2615 1176,2615 1221,2615 1265,2615 1310,2615 1355,2618 1400,2618 1444,2618 1489,2621 1534,2621 1579,2621 1624,2624 1668,2624 1713,2627 1758,2627 1803,2630 1848,2630 1892,2630 1937,2633 1982,2636 2027,2636 2033,2633"/>
                <TextEquiv>
                    <Unicode>periódico, amos la bienvenida á los señores reodoro</Unicode>
                </TextEquiv>
            </TextLine>
            <TextLine id="tr_1761395408_tl_36" custom="readingOrder {index:35;}">
                <Coords points="1128,2615 2033,2636 2024,2688 1128,2665"/>
                <Baseline points="1128,2660 1173,2660 1218,2660 1262,2660 1307,2660 1352,2663 1397,2666 1442,2666 1486,2666 1531,2669 1576,2669 1621,2672 1665,2672 1710,2672 1755,2675 1800,2675 1845,2678 1889,2678 1934,2681 1979,2681 2024,2683 2033,2681"/>
                <TextEquiv>
                    <Unicode>Aguilar y señora, y a den Genaro Cantiño, que han</Unicode>
                </TextEquiv>
            </TextLine>
            <TextLine id="tr_1761395408_tl_37" custom="readingOrder {index:36;}">
                <Coords points="1128,2659 1450,2665 1450,2715 1128,2709"/>
                <Baseline points="1128,2704 1173,2704 1218,2704 1262,2704 1307,2707 1352,2707 1397,2710 1442,2710 1450,2710"/>
                <TextEquiv>
                    <Unicode>refornado a la isla.</Unicode>
                </TextEquiv>
            </TextLine>
            <TextLine id="tr_1761395408_tl_38" custom="readingOrder {index:37;}">
                <Coords points="1131,2704 1695,2719 1695,2769 1131,2754"/>
                <Baseline points="1131,2749 1176,2749 1221,2749 1265,2752 1310,2752 1355,2752 1400,2755 1444,2755 1489,2755 1534,2755 1579,2758 1624,2758 1668,2761 1695,2764"/>
                <TextEquiv>
                    <Unicode>FEMBLORES DE TIERRRA.</Unicode>
                </TextEquiv>
            </TextLine>
            <TextLine id="tr_1761395408_tl_39" custom="readingOrder {index:38;}">
                <Coords points="1203,2752 2024,2770 2009,2823 1203,2802"/>
                <Baseline points="1203,2797 1247,2797 1292,2797 1337,2797 1382,2800 1427,2800 1471,2803 1516,2803 1561,2806 1606,2806 1650,2806 1695,2809 1740,2809 1785,2812 1830,2812 1874,2815 1919,2815 1964,2818 2009,2818 2024,2815"/>
                <TextEquiv>
                    <Unicode>Desde octubre viene temblando la tierra á inter¬</Unicode>
                </TextEquiv>
            </TextLine>
            <TextLine id="tr_1761395408_tl_40" custom="readingOrder {index:39;}">
                <Coords points="1122,2794 2024,2818 2024,2868 1122,2844"/>
                <Baseline points="1122,2839 1167,2842 1212,2842 1256,2842 1301,2842 1346,2845 1391,2845 1436,2845 1480,2848 1525,2848 1570,2848 1615,2851 1659,2854 1704,2854 1749,2854 1794,2854 1839,2860 1883,2860 1928,2860 1973,2863 2018,2863 2024,2863"/>
                <TextEquiv>
                    <Unicode>valos. Primero Venus, luego tres de los más grandes</Unicode>
                </TextEquiv>
            </TextLine>
            <TextLine id="tr_1761395408_tl_41" custom="readingOrder {index:40;}">
                <Coords points="1122,2844 2024,2865 2024,2915 1122,2894"/>
                <Baseline points="1122,2889 1167,2887 1212,2887 1256,2887 1301,2889 1346,2889 1391,2889 1436,2892 1480,2892 1525,2892 1570,2895 1615,2895 1659,2895 1704,2898 1749,2898 1794,2901 1839,2904 1883,2904 1928,2907 1973,2907 2018,2910 2024,2910"/>
                <TextEquiv>
                    <Unicode>planeras han venido acercándose a la tierra, lápiter,</Unicode>
                </TextEquiv>
            </TextLine>
            <TextLine id="tr_1761395408_tl_42" custom="readingOrder {index:41;}">
                <Coords points="1116,2883 2030,2910 2030,2960 1116,2933"/>
                <Baseline points="1116,2928 1161,2931 1206,2931 1250,2931 1295,2934 1340,2934 1385,2934 1430,2937 1474,2940 1519,2937 1564,2940 1609,2940 1653,2940 1698,2943 1743,2946 1788,2946 1833,2946 1877,2949 1922,2952 1967,2952 2012,2955 2030,2955"/>
                <TextEquiv>
                    <Unicode>Sarumo y Nepruno, pero ahora en maro emperarán</Unicode>
                </TextEquiv>
            </TextLine>
            <TextLine id="tr_1761395408_tl_43" custom="readingOrder {index:42;}">
                <Coords points="1116,2931 2027,2952 2012,3005 1116,2981"/>
                <Baseline points="1116,2976 1161,2976 1206,2976 1250,2979 1295,2979 1340,2979 1385,2982 1430,2982 1474,2985 1519,2985 1564,2985 1609,2988 1653,2988 1698,2991 1743,2991 1788,2991 1833,2994 1877,2994 1922,2997 1967,2997 2012,3000 2027,2997"/>
                <TextEquiv>
                    <Unicode>alejare. En abril sencercara un poco Mare Lue</Unicode>
                </TextEquiv>
            </TextLine>
            <TextLine id="tr_1761395408_tl_44" custom="readingOrder {index:43;}">
                <Coords points="1119,2979 2027,2997 2015,3050 1119,3029"/>
                <Baseline points="1119,3024 1164,3024 1209,3024 1253,3024 1298,3024 1343,3027 1388,3027 1433,3027 1477,3030 1522,3033 1567,3033 1612,3033 1656,3036 1701,3036 1746,3036 1791,3039 1836,3039 1880,3042 1925,3045 1970,3045 2015,3045 2027,3042"/>
                <TextEquiv>
                    <Unicode>go, hasta octubre no tendremos más temblores pro¬</Unicode>
                </TextEquiv>
            </TextLine>
            <TextEquiv>
                <Unicode></Unicode>
            </TextEquiv>
        </TextRegion>
        <TextRegion id="tr_1761395414" custom="readingOrder {index:5;}">
            <Coords points="1131,452 2118,452 2118,2010 1131,2010"/>
            <TextLine id="tr_1761395414_tl_1" custom="readingOrder {index:0;}">
                <Coords points="1161,465 2068,483 2057,536 1161,515"/>
                <Baseline points="1161,510 1206,513 1250,513 1295,516 1340,516 1385,516 1430,519 1474,522 1519,522 1564,522 1609,525 1653,528 1698,528 1743,528 1788,528 1833,528 1877,528 1922,528 1967,531 2012,531 2057,531 2068,528"/>
                <TextEquiv>
                    <Unicode>da culto a ese Ser Supremo, practicando la Caridad, la</Unicode>
                </TextEquiv>
            </TextLine>
            <TextLine id="tr_1761395414_tl_2" custom="readingOrder {index:1;}">
                <Coords points="1158,513 1633,522 1633,572 1606,575 1158,563"/>
                <Baseline points="1158,558 1203,561 1247,561 1292,561 1337,564 1382,564 1427,567 1471,567 1516,567 1561,567 1606,570 1633,567"/>
                <TextEquiv>
                    <Unicode>más excelen de las virtudes.</Unicode>
                </TextEquiv>
            </TextLine>
            <TextLine id="tr_1761395414_tl_3" custom="readingOrder {index:2;}">
                <Coords points="1167,561 1525,570 1525,620 1167,611"/>
                <Baseline points="1167,606 1212,600 1256,603 1301,606 1346,606 1391,606 1436,609 1480,609 1525,615"/>
                <TextEquiv>
                    <Unicode>LASTRONOMIE.</Unicode>
                </TextEquiv>
            </TextLine>
            <TextLine id="tr_1761395414_tl_4" custom="readingOrder {index:3;}">
                <Coords points="1230,605 2063,617 2063,667 2036,670 1230,655"/>
                <Baseline points="1230,650 1274,650 1319,650 1364,653 1409,656 1453,656 1498,656 1543,656 1588,659 1633,659 1677,662 1722,662 1767,662 1812,662 1857,662 1901,665 1946,665 1991,665 2036,665 2063,662"/>
                <TextEquiv>
                    <Unicode>Acabamos de recibir ese magnífico periódico cien¬</Unicode>
                </TextEquiv>
            </TextLine>
            <TextLine id="tr_1761395414_tl_5" custom="readingOrder {index:4;}">
                <Coords points="1164,647 2054,662 2054,712 2015,715 1164,697"/>
                <Baseline points="1164,692 1209,695 1253,695 1298,698 1343,698 1388,701 1433,701 1477,701 1522,701 1567,704 1612,704 1656,704 1701,707 1746,707 1791,707 1836,707 1880,707 1925,707 1970,707 2015,710 2054,707"/>
                <TextEquiv>
                    <Unicode>co que pubica La Sociedad arronómica de pre¬</Unicode>
                </TextEquiv>
            </TextLine>
            <TextLine id="tr_1761395414_tl_6" custom="readingOrder {index:5;}">
                <Coords points="1158,692 1806,710 1806,760 1158,742"/>
                <Baseline points="1158,737 1203,740 1247,740 1292,740 1337,743 1382,743 1427,746 1471,746 1516,746 1561,749 1606,749 1650,749 1695,752 1740,752 1785,755 1806,755"/>
                <TextEquiv>
                    <Unicode>cia bajo la dirección de lamarion.</Unicode>
                </TextEquiv>
            </TextLine>
            <TextLine id="tr_1761395414_tl_7" custom="readingOrder {index:6;}">
                <Coords points="1164,740 1474,749 1474,799 1164,790"/>
                <Baseline points="1164,785 1209,782 1253,782 1298,788 1343,788 1388,788 1433,791 1474,794"/>
                <TextEquiv>
                    <Unicode>R. Sr. JON.</Unicode>
                </TextEquiv>
            </TextLine>
            <TextLine id="tr_1761395414_tl_8" custom="readingOrder {index:7;}">
                <Coords points="1230,784 2065,799 2065,849 2036,852 1230,834"/>
                <Baseline points="1230,829 1274,829 1319,832 1364,832 1409,835 1453,835 1498,838 1543,838 1588,838 1633,838 1677,841 1722,841 1767,841 1812,841 1857,844 1901,844 1946,847 1991,847 2036,847 2065,844"/>
                <TextEquiv>
                    <Unicode>Nos ha obsequiado el Dean de la Universidad con</Unicode>
                </TextEquiv>
            </TextLine>
            <TextLine id="tr_1761395414_tl_9" custom="readingOrder {index:8;}">
                <Coords points="1155,829 2063,844 2051,897 1155,879"/>
                <Baseline points="1155,874 1200,874 1244,877 1289,877 1334,877 1379,880 1424,880 1468,883 1513,883 1558,883 1603,886 1648,886 1692,886 1737,889 1782,889 1827,889 1871,892 1916,889 1961,892 2006,892 2051,892 2063,889"/>
                <TextEquiv>
                    <Unicode>un carioso de esta por el que le damos las más se¬</Unicode>
                </TextEquiv>
            </TextLine>
            <TextLine id="tr_1761395414_tl_10" custom="readingOrder {index:9;}">
                <Coords points="1161,871 1436,880 1430,933 1161,921"/>
                <Baseline points="1161,916 1206,919 1250,919 1295,922 1340,925 1385,925 1430,928 1436,925"/>
                <TextEquiv>
                    <Unicode>prestras gracias.</Unicode>
                </TextEquiv>
            </TextLine>
            <TextLine id="tr_1761395414_tl_11" custom="readingOrder {index:10;}">
                <Coords points="1158,910 1328,916 1328,966 1158,960"/>
                <Baseline points="1158,955 1203,955 1247,955 1292,961 1328,961"/>
                <TextEquiv>
                    <Unicode>FRIO:</Unicode>
                </TextEquiv>
            </TextLine>
            <TextLine id="tr_1761395414_tl_12" custom="readingOrder {index:11;}">
                <Coords points="1233,961 2063,976 2063,1026 1233,1011"/>
                <Baseline points="1233,1006 1277,1006 1322,1003 1367,1006 1412,1009 1456,1012 1501,1012 1546,1012 1591,1015 1636,1015 1680,1015 1725,1015 1770,1018 1815,1018 1859,1018 1904,1021 1949,1021 1994,1021 2039,1021 2063,1021"/>
                <TextEquiv>
                    <Unicode>Nuestra más sincera condolencia á las familias.</Unicode>
                </TextEquiv>
            </TextLine>
            <TextLine id="tr_1761395414_tl_13" custom="readingOrder {index:12;}">
                <Coords points="1155,1002 2060,1023 2060,1073 1155,1052"/>
                <Baseline points="1155,1047 1200,1047 1244,1050 1289,1050 1334,1050 1379,1053 1424,1053 1468,1056 1513,1056 1558,1056 1603,1059 1648,1059 1692,1062 1737,1062 1782,1062 1827,1059 1871,1062 1916,1065 1961,1065 2006,1065 2051,1065 2060,1068"/>
                <TextEquiv>
                    <Unicode>respectivas de los estimados amigos falecidos recien¬</Unicode>
                </TextEquiv>
            </TextLine>
            <TextEquiv>
                <Unicode></Unicode>
            </TextEquiv>
        </TextRegion>
        <TextRegion id="tr_1761395409" custom="readingOrder {index:6;}">
            <Coords points="1002,3164 1522,3164 1522,3246 1002,3246"/>
            <TextLine id="tr_1761395409_tl_1" custom="readingOrder {index:0;}">
                <Coords points="1030,3179 1468,3179 1468,3229 1030,3229"/>
                <Baseline points="1030,3224 1074,3227 1119,3227 1164,3227 1209,3224 1253,3224 1298,3224 1343,3224 1388,3224 1433,3227 1468,3224"/>
                <TextEquiv>
                    <Unicode>Ayuntamiento de Madrid</Unicode>
                </TextEquiv>
            </TextLine>
            <TextEquiv>
                <Unicode></Unicode>
            </TextEquiv>
        </TextRegion>
    </Page>
</PcGts>
