2479 3508
1047 378 1606 431 HERALDO DE LA MUJER
692 516 1940 569 Derechos de las mujeres
856 692 1224 742 Por Augusto de Lima.
824 734 1176 787 Academico de Brasil.
495 820 1298 873 Cierto es que el statu quo es muy comodo porque
426 868 1298 921 no exige dispendio de energía. Toda novedad o mudanza
426 910 1304 963 acarrea esfuerzo. Mejor es la ineria que no pensiona
423 955 585 1011 molestas.
492 999 1295 1052 Friémonos donde estamos y que el instinto q. se sien¬
420 1041 1298 1094 te garantizado por sus condiciones polorios nos con¬
426 1095 513 1148 se.
495 1134 1301 1187 Dáse el mismo fenómeno delante de las nuevas ne¬
423 1179 1295 1229 cesidades sociales. Lo que primero ocurre a nuestro
423 1220 1298 1276 egoismo es una repulsion a cualquier reforma que pueda
423 1265 1307 1318 traer dislocaciones alterar el equilibrio desorganizar lo
429 1310 1304 1366 que esta hecho por la sabiduría de los tiempos antiguos.
432 1358 925 1411 por la experencia de los siglos.
504 1394 1304 1455 Así enfrentándonos con el problema femenino, que
429 1438 1298 1497 es un verdadero problema, por la temeridad de los hom¬
429 1489 1304 1542 bres en cerrar los ojos a la evidencia. Todos sabemos
429 1528 1298 1584 que una mujer es igual al hombre ante la ley; que el Có¬
423 1573 1304 1629 digo no le niega ninguno de los derechos concernientes
426 1617 1295 1673 a la personalidad, a la libertad, a la propiedad, otorga¬
429 1668 713 1721 dos a los hombres.
501 1704 1304 1760 Todos estamos convencidos de que el sentimiento
429 1749 1298 1805 del patriotismo, desdoblamiento de sentimiento fami¬
432 1797 1301 1853 liar y las aspiraciones más nobles del progreso, y de la
426 1835 1304 1894 cultura social, no en menores ni menos intensos en el
432 1889 991 1945 sexo femenino que en el masculino.
501 1925 1307 1984 Bien sabemos que existe el mismo grado de respon¬
429 1973 1307 2032 sabilidad civil, criminal y moral tanto en el hombre co¬
432 2023 692 2073 mo en la mujer.
501 2059 1307 2118 La penalidad no distingue los sexos, ni en un asun¬
429 2104 1307 2160 to de garantía, civil se recusa a la mujer por ser mujer
435 2146 1307 2214 ¿Habría de recusarse una garantia institucional? ¿por
432 2191 1298 2250 qué? La Constitución dice: "Son ciudadanos brasile
432 2244 1035 2294 ños los que nacieron en el Brasil...
507 2283 1313 2339 Una mujer es tan ciudadana brasileña como un
432 2334 573 2387 hombre.
513 2367 1301 2429 Para ser excluida sería necesario que la Constitu¬
429 2415 1238 2474 ción dijese que solo los hombres serían ciudadanos.
507 2456 1304 2515 No habiendo restricción de sexo, es claro que preva¬
435 2504 1310 2560 lece la regla del derecho romano esto es que al decir
435 2546 1304 2605 hombre comprende así mismo a la mujer, por una apli
435 2594 1313 2647 cación del Digesto: "Hoc verbum si quis tan masculos
429 2644 883 2697 quam femina completictur".
510 2686 1316 2739 Si una mujer es una ciudadana, siendo mayor de
435 2728 1310 2787 21 años, sabiendo leer y escribir y teniendo una resi¬
1334 689 2215 739 dencia legal, no puede dejar de ser capaz de votar o ser
1337 731 2212 784 votada, a no ser que se reforme la Constitución para no
1340 779 1609 829 ser violada. (1)
1412 820 2110 873 Ahora hay que reconocer lo que es evidente:
1409 865 2215 918 La aplicación de esa ley, vendría a alterar habitos
1337 910 2206 963 establecidos y perturbar métodos electorales ya automa¬
1346 955 2215 1008 ticos. El electorado femenino sería una novedad que los
1340 1002 1931 1055 jefes de partido deberían de estudiar.
1418 1047 2215 1097 Conviene abrir la puerta ese elemento desconocido,
1346 1089 2218 1142 quee puede traer alguna psicología nueva a las urnas. Es
1343 1134 1761 1184 el recelo de lo imprevisto.
1412 1179 2122 1232 Temese el deslumbramiento de una luz nueva.
1412 1223 2212 1279 De ahí los sufismas sobre la fragilidad del sexo, y
1337 1268 2218 1321 sobre la exclusiva vocación de la mujer. para ser es¬
1337 1313 1624 1366 clava del hombre.
1418 1361 2027 1417 Y dice la Revista Femenina del Brasil:
1415 1397 2215 1458 "Con qué alegría podemos proclamar que el femi¬
1343 1450 2221 1503 nismo que no está enteramente victorioso en todas las
1337 1498 2218 1551 grandes civilizaciones mundiales, comiena a interesar a
1337 1540 1973 1593 algunos de nuestros grandes pensadores.
1415 1594 2221 1647 Augusto de Lima que es un gran poeta, un gran¬
1343 1635 2218 1694 jefe de estado, un académico insigne, un parlamentario
1346 1677 2215 1739 y un filósofo, acaba de exponer las causas de las reivin¬
1343 1725 2221 1778 dicaciones feministas en el artículo que nos permitimos
1343 1773 1525 1826 transcribir.
1415 1820 2221 1876 Augusto de Lima es uno de nuestros más brillantes
1343 1862 2218 1924 poetas filósofos cuyas concepciones arrebatadas y pro¬
1343 1913 2185 1969 fundamente humanas, seducen, conquistan y dominan.
1415 1961 2221 2014 En todos sus versos hay una harmonía de vida, y un
1346 2009 2224 2062 ritmo universal. Es una cadencia de hojas que caen;
1349 2050 2224 2103 de vientos que pasan, ora impetuosos, ora sibilantes. Es
1349 2092 2224 2148 el péndulo que oscila en el ciclón que desequilibra o arra¬
1343 2140 2033 2193 sa. Es la vida, es el mundo, es el universo.
1421 2191 2218 2244 Es el poeta cosmico. Su pincel es grande e inmor¬
1350 2235 2221 2289 tal. Su belleza es clásica. Sus pensamientos profun¬
1343 2283 1940 2336 dos. Su universalismo reconfortante.
1412 2334 2227 2387 Bilact lo proclama el mejor de nuestros cantores:
1349 2379 2230 2432 y por todo eso deben rejubilarse las feministas con su
1343 2427 2224 2477 adhesión, pues es un gran pensador que se pone a nues¬
1346 2468 2221 2521 tro lado en la hora de los reivindicaciones y de la jus¬
1346 2516 1528 2566 ticia.
1504 2636 2224 2691 En Puerto Rico, se nos reconoció el derecho
1343 2680 2224 2736 al voto en el Bill Jones, y nuestra Legislatura violó y de¬
1353 2742 1806 2780 rogó esa Ley. -La Redacción.
1035 3119 1453 3172 Ayuntamiento de Madrid
