<?xml version="1.0" encoding="UTF-8" standalone="yes"?>
<PcGts xmlns="http://schema.primaresearch.org/PAGE/gts/pagecontent/2013-07-15" xmlns:xsi="http://www.w3.org/2001/XMLSchema-instance" xsi:schemaLocation="http://schema.primaresearch.org/PAGE/gts/pagecontent/2013-07-15 http://schema.primaresearch.org/PAGE/gts/pagecontent/2013-07-15/pagecontent.xsd">
    <Metadata>
        <Creator>prov=READ-COOP:name=PyLaia@TranskribusPlatform:version=2.33.0:model_id=421621:lm=provided:date=25_10_2025_18:17</Creator>
        <Created>2025-10-25T14:29:47.943211</Created>
        <LastChange>2025-10-28T16:48:47.356+01:00</LastChange>
        <TranskribusMetadata docId="11368982" pageId="104387770" pageNr="17" tsid="259158918" status="FINAL" userId="30120" imgUrl="https://files.transkribus.eu/Get?fileType=view&amp;id=CHHGYPAXONTEOGLLROFGRZNV" xmlUrl="https://files.transkribus.eu/Get?id=BMLHHGNMPJWIUPDOGRMSKFQM" imageId="87597513"/>
    </Metadata>
    <Page imageFilename="0017_p017.jpg" imageWidth="2479" imageHeight="3508">
        <ReadingOrder>
            <OrderedGroup id="ro_1781166847381" caption="Regions reading order">
                <RegionRefIndexed index="0" regionRef="tr_1761395412"/>
                <RegionRefIndexed index="1" regionRef="tr_1761395415"/>
                <RegionRefIndexed index="2" regionRef="tr_1761395414"/>
                <RegionRefIndexed index="3" regionRef="tr_1761395407"/>
                <RegionRefIndexed index="4" regionRef="tr_1761395409"/>
                <RegionRefIndexed index="5" regionRef="tr_1761395413"/>
                <RegionRefIndexed index="6" regionRef="tr_1761395408"/>
                <RegionRefIndexed index="7" regionRef="tr_1761395411"/>
                <RegionRefIndexed index="8" regionRef="tr_1761395419"/>
                <RegionRefIndexed index="9" regionRef="tr_1761395416"/>
                <RegionRefIndexed index="10" regionRef="tr_1761395418"/>
                <RegionRefIndexed index="11" regionRef="tr_1761395410"/>
            </OrderedGroup>
        </ReadingOrder>
        <TextRegion id="tr_1761395412" custom="readingOrder {index:0;}">
            <Coords points="553,350 2074,350 2074,445 553,445"/>
            <TextLine id="tr_1761395412_tl_1" custom="readingOrder {index:0;}">
                <Coords points="1041,378 1570,372 1570,422 1041,428"/>
                <Baseline points="1041,423 1077,420 1122,420 1167,420 1212,420 1256,420 1301,420 1346,420 1391,420 1436,417 1480,417 1525,420 1570,417"/>
                <TextEquiv>
                    <Unicode>HERALDO DE LA MUJER</Unicode>
                </TextEquiv>
            </TextLine>
            <TextEquiv>
                <Unicode></Unicode>
            </TextEquiv>
        </TextRegion>
        <TextRegion id="tr_1761395415" custom="readingOrder {index:1;}">
            <Coords points="770,455 1968,455 1968,602 770,602"/>
            <TextLine id="tr_1761395415_tl_3" custom="readingOrder {index:0;}">
                <Coords points="958,519 1633,513 1633,563 958,569"/>
                <Baseline points="958,564 961,561 1006,561 1050,561 1095,561 1140,561 1185,561 1230,561 1274,561 1319,561 1364,558 1409,558 1453,558 1498,558 1543,558 1588,558 1633,558"/>
                <TextEquiv>
                    <Unicode>PLUMAZOS</Unicode>
                </TextEquiv>
            </TextLine>
            <TextEquiv>
                <Unicode></Unicode>
            </TextEquiv>
        </TextRegion>
        <TextRegion id="tr_1761395414" custom="readingOrder {index:2;}">
            <Coords points="862,633 1817,633 1817,747 862,747"/>
            <TextLine id="tr_1761395417_tl_1" custom="readingOrder {index:0;}">
                <Coords points="928,668 1683,668 1683,718 928,718"/>
                <Baseline points="928,713 973,713 1018,713 1062,710 1107,710 1152,713 1197,710 1241,710 1286,713 1331,713 1376,713 1421,710 1465,710 1510,710 1555,710 1600,710 1645,713 1683,713"/>
                <TextEquiv>
                    <Unicode>EL FIN DEL MUNDO</Unicode>
                </TextEquiv>
            </TextLine>
            <TextEquiv>
                <Unicode></Unicode>
            </TextEquiv>
        </TextRegion>
        <TextRegion id="tr_1761395407" custom="readingOrder {index:3;}">
            <Coords points="360,795 1347,795 1347,2318 360,2318"/>
            <TextLine id="tr_1761395407_tl_1" custom="readingOrder {index:0;}">
                <Coords points="483,823 1286,817 1286,867 483,873"/>
                <Baseline points="483,868 525,868 570,868 615,868 659,865 704,865 749,865 794,865 838,865 883,865 928,859 973,862 1018,865 1062,865 1107,865 1152,865 1197,865 1241,865 1286,862"/>
                <TextEquiv>
                    <Unicode>Pasó el susto sí, señores, y el mundo sin cesar na¬</Unicode>
                </TextEquiv>
            </TextLine>
            <TextLine id="tr_1761395407_tl_2" custom="readingOrder {index:1;}">
                <Coords points="414,865 1116,868 1116,918 414,915"/>
                <Baseline points="414,910 459,913 504,913 549,913 594,913 638,913 683,910 728,913 773,913 818,910 862,910 907,910 952,910 997,910 1041,913 1086,913 1116,913"/>
                <TextEquiv>
                    <Unicode>vera por el piélago inmenso del vacío.</Unicode>
                </TextEquiv>
            </TextLine>
            <TextLine id="tr_1761395407_tl_3" custom="readingOrder {index:2;}">
                <Coords points="489,913 1292,907 1292,957 489,963"/>
                <Baseline points="489,958 531,955 576,958 620,955 665,958 710,955 755,955 800,955 844,955 889,958 934,955 979,955 1024,955 1068,955 1113,955 1158,955 1203,955 1247,955 1292,952"/>
                <TextEquiv>
                    <Unicode>El susto pasó sí, señores, y a nosotros sólo queda</Unicode>
                </TextEquiv>
            </TextLine>
            <TextLine id="tr_1761395407_tl_4" custom="readingOrder {index:3;}">
                <Coords points="412,958 1292,952 1292,1002 1247,1005 412,1008"/>
                <Baseline points="412,1003 441,1006 486,1003 531,1003 576,1003 620,1003 665,1003 710,1003 755,1000 800,1000 844,1000 889,1000 934,1000 979,1000 1024,997 1068,1000 1113,1000 1158,1000 1203,1000 1247,1000 1292,997"/>
                <TextEquiv>
                    <Unicode>la tomadura de pelo de aquellos sabios de pega, y este</Unicode>
                </TextEquiv>
            </TextLine>
            <TextLine id="tr_1761395407_tl_5" custom="readingOrder {index:4;}">
                <Coords points="414,1005 1179,999 1179,1049 414,1055"/>
                <Baseline points="414,1050 417,1047 462,1050 507,1047 552,1047 597,1047 641,1044 686,1044 731,1044 776,1044 821,1044 865,1044 910,1044 955,1044 1000,1044 1044,1044 1089,1044 1134,1044 1179,1044"/>
                <TextEquiv>
                    <Unicode>mundo, dichoso infierno de guerras, no se acabó.</Unicode>
                </TextEquiv>
            </TextLine>
            <TextLine id="tr_1761395407_tl_6" custom="readingOrder {index:5;}">
                <Coords points="486,1053 821,1047 821,1097 486,1103"/>
                <Baseline points="486,1098 507,1095 552,1092 597,1092 641,1089 686,1089 731,1092 776,1092 821,1092"/>
                <TextEquiv>
                    <Unicode>¡Qué ha de acabarse!</Unicode>
                </TextEquiv>
            </TextLine>
            <TextLine id="tr_1761395407_tl_7" custom="readingOrder {index:6;}">
                <Coords points="483,1092 1292,1086 1292,1136 483,1142"/>
                <Baseline points="483,1137 486,1137 531,1137 576,1137 620,1137 665,1134 710,1137 755,1137 800,1137 844,1137 889,1137 934,1134 979,1134 1024,1134 1068,1134 1113,1134 1158,1134 1203,1134 1247,1134 1292,1131"/>
                <TextEquiv>
                    <Unicode>Así por que lo diga un chato, se va a saber que la</Unicode>
                </TextEquiv>
            </TextLine>
            <TextLine id="tr_1761395407_tl_8" custom="readingOrder {index:7;}">
                <Coords points="417,1137 1292,1131 1292,1181 1247,1184 417,1187"/>
                <Baseline points="417,1182 441,1182 486,1182 531,1182 576,1182 620,1182 665,1182 710,1179 755,1182 800,1182 844,1179 889,1182 934,1182 979,1182 1024,1182 1068,1182 1113,1179 1158,1179 1203,1179 1247,1179 1292,1176"/>
                <TextEquiv>
                    <Unicode>máquina admirable del universo se va a romper.</Unicode>
                </TextEquiv>
            </TextLine>
            <TextLine id="tr_1761395407_tl_9" custom="readingOrder {index:8;}">
                <Coords points="423,1188 737,1185 737,1235 423,1238"/>
                <Baseline points="423,1233 468,1230 513,1227 558,1227 603,1227 647,1227 692,1230 737,1230"/>
                <TextEquiv>
                    <Unicode>Majaderías....</Unicode>
                </TextEquiv>
            </TextLine>
            <TextLine id="tr_1761395407_tl_10" custom="readingOrder {index:9;}">
                <Coords points="489,1232 1289,1220 1289,1270 489,1282"/>
                <Baseline points="489,1277 528,1271 573,1268 618,1268 662,1268 707,1271 752,1271 797,1268 841,1268 886,1268 931,1268 976,1268 1021,1268 1065,1268 1110,1268 1155,1268 1200,1268 1244,1268 1289,1265"/>
                <TextEquiv>
                    <Unicode>¡Oh Puerto Rico! pobre pueblito nuestro ¿por qué</Unicode>
                </TextEquiv>
            </TextLine>
            <TextLine id="tr_1761395407_tl_11" custom="readingOrder {index:10;}">
                <Coords points="414,1268 1295,1265 1295,1315 1250,1318 414,1318"/>
                <Baseline points="414,1313 444,1316 489,1319 534,1316 579,1316 623,1316 668,1316 713,1316 758,1313 803,1316 847,1316 892,1316 937,1316 982,1316 1027,1313 1071,1313 1116,1313 1161,1313 1206,1313 1250,1313 1295,1310"/>
                <TextEquiv>
                    <Unicode>creer, que todo lo que diga un Juan de las Yerbas, de</Unicode>
                </TextEquiv>
            </TextLine>
            <TextLine id="tr_1761395407_tl_12" custom="readingOrder {index:11;}">
                <Coords points="414,1316 1149,1310 1149,1360 414,1366"/>
                <Baseline points="414,1361 432,1361 477,1361 522,1361 567,1361 612,1361 656,1361 701,1358 746,1361 791,1361 835,1361 880,1358 925,1361 970,1358 1015,1361 1059,1358 1104,1355 1149,1355"/>
                <TextEquiv>
                    <Unicode>Palotes, de allende el charo, cierto ha de ser?</Unicode>
                </TextEquiv>
            </TextLine>
            <TextLine id="tr_1761395407_tl_13" custom="readingOrder {index:12;}">
                <Coords points="489,1361 1292,1358 1292,1408 489,1411"/>
                <Baseline points="489,1406 531,1409 576,1403 620,1403 665,1403 710,1403 755,1403 800,1403 844,1406 889,1403 934,1403 979,1403 1024,1406 1068,1403 1113,1403 1158,1403 1203,1406 1247,1403 1292,1403"/>
                <TextEquiv>
                    <Unicode>Mas, si lo dice un nativo de ilustración, has de</Unicode>
                </TextEquiv>
            </TextLine>
            <TextLine id="tr_1761395407_tl_14" custom="readingOrder {index:13;}">
                <Coords points="412,1405 779,1408 779,1458 412,1455"/>
                <Baseline points="412,1450 456,1453 501,1453 546,1453 591,1450 635,1447 680,1447 725,1447 770,1450 779,1453"/>
                <TextEquiv>
                    <Unicode>afirma que miente él?</Unicode>
                </TextEquiv>
            </TextLine>
            <TextLine id="tr_1761395407_tl_15" custom="readingOrder {index:14;}">
                <Coords points="486,1456 1173,1447 1173,1497 486,1506"/>
                <Baseline points="486,1501 501,1498 546,1495 591,1495 635,1495 680,1495 725,1495 770,1495 815,1492 859,1495 904,1495 949,1495 994,1495 1038,1492 1083,1495 1128,1495 1173,1492"/>
                <TextEquiv>
                    <Unicode>¿Qué sabe el portorriqueño? sueles pensar.</Unicode>
                </TextEquiv>
            </TextLine>
            <TextLine id="tr_1761395407_tl_16" custom="readingOrder {index:15;}">
                <Coords points="453,1495 1298,1489 1298,1539 1253,1542 453,1545"/>
                <Baseline points="453,1540 492,1540 537,1540 582,1540 626,1540 671,1540 716,1540 761,1540 806,1540 850,1537 895,1540 940,1537 985,1540 1030,1540 1074,1537 1119,1537 1164,1537 1209,1534 1253,1537 1298,1534"/>
                <TextEquiv>
                    <Unicode>Para otro portorriqueño ¡qué ha de saber! Todas</Unicode>
                </TextEquiv>
            </TextLine>
            <TextLine id="tr_1761395407_tl_17" custom="readingOrder {index:16;}">
                <Coords points="420,1543 1292,1534 1292,1584 420,1593"/>
                <Baseline points="420,1588 441,1588 486,1588 531,1585 576,1585 620,1585 665,1585 710,1585 755,1582 800,1582 844,1582 889,1585 934,1582 979,1582 1024,1585 1068,1585 1113,1585 1158,1582 1203,1582 1247,1582 1292,1579"/>
                <TextEquiv>
                    <Unicode>aquí miden por el rasero de su ignorancia los que la tie-</Unicode>
                </TextEquiv>
            </TextLine>
            <TextLine id="tr_1761395407_tl_18" custom="readingOrder {index:17;}">
                <Coords points="420,1588 689,1585 689,1635 420,1638"/>
                <Baseline points="420,1633 465,1633 510,1630 555,1627 600,1627 644,1630 689,1630"/>
                <TextEquiv>
                    <Unicode>nen á los demás.¬</Unicode>
                </TextEquiv>
            </TextLine>
            <TextLine id="tr_1761395407_tl_19" custom="readingOrder {index:18;}">
                <Coords points="495,1629 1295,1626 1295,1676 495,1679"/>
                <Baseline points="495,1674 534,1674 579,1674 623,1674 668,1674 713,1674 758,1671 803,1674 847,1671 892,1671 937,1671 982,1671 1027,1671 1071,1671 1116,1671 1161,1671 1206,1671 1250,1671 1295,1671"/>
                <TextEquiv>
                    <Unicode>No hay pueblo en la tierra que menos se aprecie, ni</Unicode>
                </TextEquiv>
            </TextLine>
            <TextLine id="tr_1761395407_tl_20" custom="readingOrder {index:19;}">
                <Coords points="420,1677 1301,1674 1301,1724 420,1727"/>
                <Baseline points="420,1722 450,1722 495,1719 540,1716 585,1719 629,1719 674,1719 719,1719 764,1719 809,1719 853,1719 898,1719 943,1719 988,1719 1032,1716 1077,1716 1122,1716 1167,1716 1212,1716 1256,1716 1301,1719"/>
                <TextEquiv>
                    <Unicode>que tenga de sí propio un concepto más depresivo y fatal</Unicode>
                </TextEquiv>
            </TextLine>
            <TextLine id="tr_1761395407_tl_21" custom="readingOrder {index:20;}">
                <Coords points="426,1719 716,1722 716,1772 426,1769"/>
                <Baseline points="426,1764 471,1764 516,1767 561,1764 606,1764 650,1764 695,1767 716,1767"/>
                <TextEquiv>
                    <Unicode>Así anda él ...</Unicode>
                </TextEquiv>
            </TextLine>
            <TextLine id="tr_1761395407_tl_22" custom="readingOrder {index:21;}">
                <Coords points="492,1767 1295,1758 1295,1808 492,1817"/>
                <Baseline points="492,1812 534,1809 579,1809 623,1809 668,1809 713,1806 758,1809 803,1809 847,1809 892,1809 937,1809 982,1806 1027,1806 1071,1806 1116,1806 1161,1806 1206,1806 1250,1806 1295,1803"/>
                <TextEquiv>
                    <Unicode>¿Quién ha de estimar á un pueblo que empieza por</Unicode>
                </TextEquiv>
            </TextLine>
            <TextLine id="tr_1761395407_tl_23" custom="readingOrder {index:22;}">
                <Coords points="420,1812 1298,1806 1298,1856 420,1862"/>
                <Baseline points="420,1857 447,1854 492,1854 537,1854 582,1851 626,1851 671,1854 716,1851 761,1854 806,1854 850,1854 895,1854 940,1854 985,1851 1030,1851 1074,1851 1119,1851 1164,1851 1209,1851 1253,1848 1298,1851"/>
                <TextEquiv>
                    <Unicode>menospreciarse a sí mismo que carece de civismo y de</Unicode>
                </TextEquiv>
            </TextLine>
            <TextLine id="tr_1761395407_tl_24" custom="readingOrder {index:23;}">
                <Coords points="423,1859 788,1850 788,1900 423,1909"/>
                <Baseline points="423,1904 429,1901 474,1901 519,1898 564,1898 609,1898 653,1898 698,1895 743,1898 788,1895"/>
                <TextEquiv>
                    <Unicode>patrio orgullo además?</Unicode>
                </TextEquiv>
            </TextLine>
            <TextLine id="tr_1761395407_tl_25" custom="readingOrder {index:24;}">
                <Coords points="498,1895 1298,1901 1298,1951 498,1945"/>
                <Baseline points="498,1940 543,1943 588,1943 632,1943 677,1940 722,1940 767,1940 812,1940 856,1943 901,1940 946,1940 991,1940 1035,1940 1080,1937 1125,1940 1170,1940 1215,1940 1259,1940 1298,1946"/>
                <TextEquiv>
                    <Unicode>Y si alguno suele elevarse sobre el estúpido montón,</Unicode>
                </TextEquiv>
            </TextLine>
            <TextLine id="tr_1761395407_tl_26" custom="readingOrder {index:25;}">
                <Coords points="423,1943 1295,1937 1295,1987 1250,1990 423,1993"/>
                <Baseline points="423,1988 444,1988 489,1991 534,1988 579,1988 623,1988 668,1985 713,1985 758,1985 803,1985 847,1985 892,1988 937,1985 982,1985 1027,1985 1071,1985 1116,1985 1161,1985 1206,1982 1250,1985 1295,1982"/>
                <TextEquiv>
                    <Unicode>con qué premura los necios tratan de aplastarlo, de fus¬</Unicode>
                </TextEquiv>
            </TextLine>
            <TextLine id="tr_1761395407_tl_27" custom="readingOrder {index:26;}">
                <Coords points="423,1988 1292,1985 1292,2035 423,2038"/>
                <Baseline points="423,2033 441,2036 486,2036 531,2033 576,2033 620,2033 665,2033 710,2030 755,2033 800,2033 844,2033 889,2030 934,2030 979,2030 1024,2030 1068,2030 1113,2030 1158,2030 1203,2030 1247,2030 1292,2030"/>
                <TextEquiv>
                    <Unicode>tigarlo, de aislarlo para que no deslumbre al ramplón..</Unicode>
                </TextEquiv>
            </TextLine>
            <TextLine id="tr_1761395407_tl_28" custom="readingOrder {index:27;}">
                <Coords points="498,2035 1304,2029 1304,2079 498,2085"/>
                <Baseline points="498,2080 543,2080 588,2077 632,2077 677,2077 722,2077 767,2077 812,2077 856,2074 901,2074 946,2074 991,2074 1035,2074 1080,2074 1125,2074 1170,2074 1215,2074 1259,2074 1304,2074"/>
                <TextEquiv>
                    <Unicode>Si no cuando muere le reconocen algunos de los</Unicode>
                </TextEquiv>
            </TextLine>
            <TextLine id="tr_1761395407_tl_29" custom="readingOrder {index:28;}">
                <Coords points="420,2077 835,2077 835,2127 420,2127"/>
                <Baseline points="420,2122 465,2125 510,2125 555,2125 600,2125 644,2122 689,2119 734,2119 779,2119 824,2122 835,2122"/>
                <TextEquiv>
                    <Unicode>méritos que aquél tuviere.</Unicode>
                </TextEquiv>
            </TextLine>
            <TextLine id="tr_1761395407_tl_30" custom="readingOrder {index:29;}">
                <Coords points="495,2128 1307,2125 1307,2175 495,2178"/>
                <Baseline points="495,2173 501,2173 546,2173 591,2173 635,2173 680,2173 725,2170 770,2170 815,2173 859,2173 904,2173 949,2173 994,2173 1038,2173 1083,2167 1128,2170 1173,2170 1218,2170 1262,2170 1307,2170"/>
                <TextEquiv>
                    <Unicode>Pero mientras vive ¡Dios soberano! Todas las me¬</Unicode>
                </TextEquiv>
            </TextLine>
            <TextLine id="tr_1761395407_tl_31" custom="readingOrder {index:30;}">
                <Coords points="417,2173 1301,2173 1301,2223 417,2223"/>
                <Baseline points="417,2218 462,2221 507,2221 552,2221 597,2221 641,2221 686,2221 731,2218 776,2218 821,2218 865,2218 910,2218 955,2218 1000,2218 1044,2218 1089,2218 1134,2215 1179,2215 1224,2215 1268,2215 1301,2218"/>
                <TextEquiv>
                    <Unicode>dianías temen la sombra que proyecta el que vale, y</Unicode>
                </TextEquiv>
            </TextLine>
            <TextLine id="tr_1761395407_tl_32" custom="readingOrder {index:31;}">
                <Coords points="423,2221 985,2218 985,2268 423,2271"/>
                <Baseline points="423,2266 447,2266 492,2266 537,2266 582,2266 626,2266 671,2263 716,2263 761,2263 806,2263 850,2263 895,2263 940,2263 985,2263"/>
                <TextEquiv>
                    <Unicode>ras, ras palos con él hasta anularle.</Unicode>
                </TextEquiv>
            </TextLine>
            <TextEquiv>
                <Unicode></Unicode>
            </TextEquiv>
        </TextRegion>
        <TextRegion id="tr_1761395409" custom="readingOrder {index:4;}">
            <Coords points="1334,807 2274,807 2274,1332 1334,1332"/>
            <TextLine id="tr_1761395409_tl_1" custom="readingOrder {index:0;}">
                <Coords points="1403,817 2206,817 2206,867 1403,867"/>
                <Baseline points="1403,862 1447,862 1492,862 1537,865 1582,862 1627,865 1671,865 1716,862 1761,862 1806,862 1851,862 1895,862 1940,862 1985,862 2030,862 2074,862 2119,862 2164,862 2206,862"/>
                <TextEquiv>
                    <Unicode>Se acepta del monigote extraniero hasta el dispa¬</Unicode>
                </TextEquiv>
            </TextLine>
            <TextLine id="tr_1761395409_tl_2" custom="readingOrder {index:1;}">
                <Coords points="1328,862 2206,859 2206,909 2161,912 1328,912"/>
                <Baseline points="1328,907 1355,910 1400,907 1444,907 1489,907 1534,910 1579,910 1624,910 1668,910 1713,907 1758,910 1803,910 1848,907 1892,907 1937,907 1982,907 2027,907 2071,907 2116,907 2161,907 2206,904"/>
                <TextEquiv>
                    <Unicode>rate y elevan hasta los cumbres todo dislate que diga</Unicode>
                </TextEquiv>
            </TextLine>
            <TextLine id="tr_1761395409_tl_3" custom="readingOrder {index:2;}">
                <Coords points="1328,910 2215,910 2215,960 1328,960"/>
                <Baseline points="1328,955 1373,955 1418,955 1462,955 1507,952 1552,955 1597,955 1642,955 1686,952 1731,955 1776,952 1821,952 1865,952 1910,952 1955,952 2000,952 2045,949 2089,949 2134,949 2179,952 2215,955"/>
                <TextEquiv>
                    <Unicode>un Mister o un Monsieur, catedrático del Instituto del</Unicode>
                </TextEquiv>
            </TextLine>
            <TextLine id="tr_1761395409_tl_4" custom="readingOrder {index:3;}">
                <Coords points="1334,955 1459,952 1459,1002 1334,1005"/>
                <Baseline points="1334,1000 1370,1000 1415,997 1459,997"/>
                <TextEquiv>
                    <Unicode>Nosaber</Unicode>
                </TextEquiv>
            </TextLine>
            <TextLine id="tr_1761395409_tl_5" custom="readingOrder {index:4;}">
                <Coords points="1397,999 2206,993 2206,1043 1397,1049"/>
                <Baseline points="1397,1044 1400,1044 1444,1044 1489,1044 1534,1044 1579,1044 1624,1044 1668,1044 1713,1044 1758,1044 1803,1044 1848,1044 1892,1044 1937,1044 1982,1044 2027,1044 2071,1041 2116,1041 2161,1041 2206,1038"/>
                <TextEquiv>
                    <Unicode>Pobre pueblo nuestro si así persiste, siempre serás</Unicode>
                </TextEquiv>
            </TextLine>
            <TextLine id="tr_1761395409_tl_6" custom="readingOrder {index:5;}">
                <Coords points="1328,1044 1492,1047 1492,1097 1328,1094"/>
                <Baseline points="1328,1089 1373,1092 1418,1089 1462,1089 1492,1092"/>
                <TextEquiv>
                    <Unicode>un Nadie.</Unicode>
                </TextEquiv>
            </TextLine>
            <TextLine id="tr_1761395409_tl_7" custom="readingOrder {index:6;}">
                <Coords points="1406,1095 1803,1086 1803,1136 1406,1145"/>
                <Baseline points="1406,1140 1444,1137 1489,1134 1534,1134 1579,1134 1624,1134 1668,1134 1713,1134 1758,1131 1803,1131"/>
                <TextEquiv>
                    <Unicode>¿Quién ha de apreciarte?</Unicode>
                </TextEquiv>
            </TextLine>
            <TextLine id="tr_1761395409_tl_8" custom="readingOrder {index:7;}">
                <Coords points="1406,1131 2203,1128 2203,1178 1406,1181"/>
                <Baseline points="1406,1176 1442,1179 1486,1179 1531,1179 1576,1179 1621,1179 1665,1179 1710,1179 1755,1179 1800,1179 1845,1182 1889,1179 1934,1179 1979,1176 2024,1176 2068,1176 2113,1176 2158,1173 2203,1173"/>
                <TextEquiv>
                    <Unicode>Si tú mismo no te elevas. ¿Quién va a elevarte?</Unicode>
                </TextEquiv>
            </TextLine>
            <TextLine id="tr_1761395409_tl_9" custom="readingOrder {index:8;}">
                <Coords points="1406,1179 2206,1176 2206,1226 1406,1229"/>
                <Baseline points="1406,1224 1444,1224 1489,1224 1534,1224 1579,1224 1624,1224 1668,1224 1713,1224 1758,1224 1803,1224 1848,1224 1892,1224 1937,1224 1982,1224 2027,1221 2071,1221 2116,1221 2161,1221 2206,1221"/>
                <TextEquiv>
                    <Unicode>Si tú mismo no te estimas, ¿quién va a estimarte?</Unicode>
                </TextEquiv>
            </TextLine>
            <TextLine id="tr_1761395409_tl_10" custom="readingOrder {index:9;}">
                <Coords points="1406,1223 2209,1217 2209,1267 1406,1273"/>
                <Baseline points="1406,1268 1447,1268 1492,1268 1537,1271 1582,1271 1627,1268 1671,1268 1716,1268 1761,1268 1806,1268 1851,1268 1895,1268 1940,1268 1985,1268 2030,1265 2074,1265 2119,1265 2164,1265 2209,1262"/>
                <TextEquiv>
                    <Unicode>Si las ramas del árbol de tu prestigio cortas enlo¬</Unicode>
                </TextEquiv>
            </TextLine>
            <TextLine id="tr_1761395409_tl_11" custom="readingOrder {index:10;}">
                <Coords points="1325,1268 1839,1265 1839,1315 1325,1318"/>
                <Baseline points="1325,1313 1346,1316 1391,1316 1436,1316 1480,1316 1525,1316 1570,1316 1615,1316 1659,1316 1704,1316 1749,1313 1794,1313 1839,1310"/>
                <TextEquiv>
                    <Unicode>quecido ¿Que ha de quedarte?</Unicode>
                </TextEquiv>
            </TextLine>
            <TextEquiv>
                <Unicode></Unicode>
            </TextEquiv>
        </TextRegion>
        <TextRegion id="tr_1761395413" custom="readingOrder {index:5;}">
            <Coords points="1945,1316 2154,1316 2154,1373 1945,1373"/>
            <TextLine id="tr_1761395413_tl_1" custom="readingOrder {index:0;}">
                <Coords points="1988,1310 2146,1310 2146,1360 1988,1360"/>
                <Baseline points="1988,1355 2033,1355 2077,1355 2122,1355 2146,1355"/>
                <TextEquiv>
                    <Unicode>LOTYS.</Unicode>
                </TextEquiv>
            </TextLine>
            <TextEquiv>
                <Unicode></Unicode>
            </TextEquiv>
        </TextRegion>
        <TextRegion id="tr_1761395408" custom="readingOrder {index:6;}">
            <Coords points="1418,1446 2138,1446 2138,1552 1418,1552"/>
            <TextLine id="tr_1761395408_tl_1" custom="readingOrder {index:0;}">
                <Coords points="1495,1474 2063,1465 2063,1515 1495,1524"/>
                <Baseline points="1495,1519 1525,1519 1570,1519 1615,1516 1659,1516 1704,1516 1749,1516 1794,1516 1839,1516 1883,1513 1928,1510 1973,1510 2018,1510 2063,1510"/>
                <TextEquiv>
                    <Unicode>Ayude a los Niños Pobres</Unicode>
                </TextEquiv>
            </TextLine>
            <TextEquiv>
                <Unicode></Unicode>
            </TextEquiv>
        </TextRegion>
        <TextRegion id="tr_1761395411" custom="readingOrder {index:7;}">
            <Coords points="1320,1600 2295,1600 2295,2227 1320,2227"/>
            <TextLine id="tr_1761395411_tl_1" custom="readingOrder {index:0;}">
                <Coords points="1406,1600 2215,1591 2215,1641 1406,1650"/>
                <Baseline points="1406,1645 1409,1642 1453,1645 1498,1645 1543,1645 1588,1645 1633,1642 1677,1642 1722,1642 1767,1642 1812,1639 1857,1642 1901,1639 1946,1639 1991,1639 2036,1639 2080,1636 2125,1636 2170,1636 2215,1636"/>
                <TextEquiv>
                    <Unicode>Es necesario que en cada municipio de esta isla,</Unicode>
                </TextEquiv>
            </TextLine>
            <TextLine id="tr_1761395411_tl_2" custom="readingOrder {index:1;}">
                <Coords points="1331,1644 2212,1632 2212,1682 1331,1694"/>
                <Baseline points="1331,1689 1361,1689 1406,1689 1450,1689 1495,1686 1540,1686 1585,1686 1630,1686 1674,1686 1719,1683 1764,1683 1809,1683 1854,1683 1898,1683 1943,1680 1988,1680 2033,1680 2077,1680 2122,1680 2167,1677 2212,1677"/>
                <TextEquiv>
                    <Unicode>se organice la sociedad flantropica "El zapato de los</Unicode>
                </TextEquiv>
            </TextLine>
            <TextLine id="tr_1761395411_tl_3" custom="readingOrder {index:2;}">
                <Coords points="1340,1686 2209,1674 2209,1724 1340,1736"/>
                <Baseline points="1340,1731 1358,1734 1403,1731 1447,1731 1492,1731 1537,1728 1582,1728 1627,1728 1671,1728 1716,1728 1761,1728 1806,1728 1851,1725 1895,1725 1940,1725 1985,1725 2030,1725 2074,1722 2119,1722 2164,1722 2209,1719"/>
                <TextEquiv>
                    <Unicode>niños pobres". Esta sociedad viene trabajande des¬</Unicode>
                </TextEquiv>
            </TextLine>
            <TextLine id="tr_1761395411_tl_4" custom="readingOrder {index:3;}">
                <Coords points="1337,1725 2221,1719 2221,1769 1337,1775"/>
                <Baseline points="1337,1770 1370,1776 1415,1776 1459,1773 1504,1773 1549,1773 1594,1773 1639,1773 1683,1770 1728,1773 1773,1770 1818,1770 1862,1770 1907,1770 1952,1770 1997,1767 2042,1767 2086,1767 2131,1767 2176,1764 2221,1764"/>
                <TextEquiv>
                    <Unicode>de hace varios años, en San Juan con tanto éxito que</Unicode>
                </TextEquiv>
            </TextLine>
            <TextLine id="tr_1761395411_tl_5" custom="readingOrder {index:4;}">
                <Coords points="1343,1776 2212,1764 2212,1814 1343,1826"/>
                <Baseline points="1343,1821 1361,1821 1406,1821 1450,1818 1495,1818 1540,1818 1585,1818 1630,1815 1674,1815 1719,1815 1764,1815 1809,1815 1854,1815 1898,1815 1943,1812 1988,1812 2033,1812 2077,1812 2122,1812 2167,1812 2212,1809"/>
                <TextEquiv>
                    <Unicode>podemos asegurar que todos los niños pobres que</Unicode>
                </TextEquiv>
            </TextLine>
            <TextLine id="tr_1761395411_tl_6" custom="readingOrder {index:5;}">
                <Coords points="1331,1820 2140,1809 2140,1859 1331,1870"/>
                <Baseline points="1331,1865 1334,1865 1379,1865 1424,1862 1468,1862 1513,1862 1558,1859 1603,1859 1648,1859 1692,1857 1737,1857 1782,1857 1827,1857 1871,1857 1916,1857 1961,1857 2006,1857 2051,1854 2095,1854 2140,1854"/>
                <TextEquiv>
                    <Unicode>sisten a las escuelas van debidamente calzados.</Unicode>
                </TextEquiv>
            </TextLine>
            <TextLine id="tr_1761395411_tl_7" custom="readingOrder {index:6;}">
                <Coords points="1412,1862 2218,1853 2218,1903 1412,1912"/>
                <Baseline points="1412,1907 1456,1904 1501,1904 1546,1901 1591,1901 1636,1901 1680,1901 1725,1901 1770,1901 1815,1901 1859,1901 1904,1901 1949,1898 1994,1898 2039,1898 2083,1898 2128,1898 2173,1898 2218,1898"/>
                <TextEquiv>
                    <Unicode>No se necesita hacer sacrificios. Aceptamos</Unicode>
                </TextEquiv>
            </TextLine>
            <TextLine id="tr_1761395411_tl_8" custom="readingOrder {index:7;}">
                <Coords points="1337,1907 2215,1892 2215,1942 1337,1957"/>
                <Baseline points="1337,1952 1364,1952 1409,1952 1453,1949 1498,1949 1543,1949 1588,1949 1633,1946 1677,1946 1722,1946 1767,1946 1812,1946 1857,1946 1901,1943 1946,1943 1991,1943 2036,1943 2080,1943 2125,1943 2170,1940 2215,1937"/>
                <TextEquiv>
                    <Unicode>cualquier donativo por insignificante que sea. Mán¬</Unicode>
                </TextEquiv>
            </TextLine>
            <TextLine id="tr_1761395411_tl_9" custom="readingOrder {index:8;}">
                <Coords points="1337,1952 1904,1940 1904,1990 1337,2002"/>
                <Baseline points="1337,1997 1367,1997 1412,1994 1456,1991 1501,1994 1546,1994 1591,1994 1636,1991 1680,1991 1725,1988 1770,1988 1815,1988 1859,1988 1904,1985"/>
                <TextEquiv>
                    <Unicode>delo hoy mismo, si usted desea a:</Unicode>
                </TextEquiv>
            </TextLine>
            <TextLine id="tr_1761395411_tl_10" custom="readingOrder {index:9;}">
                <Coords points="1409,1988 2110,1988 2110,2038 1409,2038"/>
                <Baseline points="1409,2033 1453,2036 1498,2039 1543,2036 1588,2036 1633,2033 1677,2033 1722,2033 1767,2033 1812,2033 1857,2033 1901,2033 1946,2033 1991,2033 2036,2033 2080,2033 2110,2033"/>
                <TextEquiv>
                    <Unicode>Sra, María T. de Suarez, P. O. Box 1122.</Unicode>
                </TextEquiv>
            </TextLine>
            <TextLine id="tr_1761395411_tl_11" custom="readingOrder {index:10;}">
                <Coords points="1412,2038 1895,2032 1895,2082 1412,2088"/>
                <Baseline points="1412,2083 1447,2080 1492,2083 1537,2080 1582,2080 1627,2080 1671,2077 1716,2077 1761,2077 1806,2077 1851,2077 1895,2077"/>
                <TextEquiv>
                    <Unicode>Sr. Miguel M. Toro, Aduana.</Unicode>
                </TextEquiv>
            </TextLine>
            <TextLine id="tr_1761395411_tl_12" custom="readingOrder {index:11;}">
                <Coords points="1409,2080 2221,2068 2221,2118 1409,2130"/>
                <Baseline points="1409,2125 1415,2125 1459,2125 1504,2125 1549,2125 1594,2122 1639,2122 1683,2122 1728,2122 1773,2119 1818,2116 1862,2122 1907,2122 1952,2119 1997,2119 2042,2119 2086,2116 2131,2116 2176,2116 2221,2113"/>
                <TextEquiv>
                    <Unicode>Sr. Pedro M. Velez % "National Casch Re¬</Unicode>
                </TextEquiv>
            </TextLine>
            <TextLine id="tr_1761395411_tl_13" custom="readingOrder {index:12;}">
                <Coords points="1340,2131 1516,2113 1516,2163 1340,2181"/>
                <Baseline points="1340,2176 1382,2170 1427,2167 1471,2161 1516,2158"/>
                <TextEquiv>
                    <Unicode>gister Cº"</Unicode>
                </TextEquiv>
            </TextLine>
            <TextLine id="tr_1761395411_tl_14" custom="readingOrder {index:13;}">
                <Coords points="1421,2176 2221,2164 2221,2214 1421,2226"/>
                <Baseline points="1421,2221 1459,2221 1504,2221 1549,2221 1594,2221 1639,2218 1683,2218 1728,2218 1773,2218 1818,2218 1862,2218 1907,2218 1952,2215 1997,2215 2042,2212 2086,2212 2131,2212 2176,2209 2221,2209"/>
                <TextEquiv>
                    <Unicode>(Este anuncio lo publica gratis EL HERALDO</Unicode>
                </TextEquiv>
            </TextLine>
            <TextLine id="tr_1761395419_tl_2" custom="readingOrder {index:14;}">
                <Coords points="1340,2224 1591,2218 1591,2268 1340,2274"/>
                <Baseline points="1340,2269 1367,2266 1412,2266 1456,2266 1501,2266 1546,2266 1591,2263"/>
                <TextEquiv>
                    <Unicode>DE LA MUJER.)</Unicode>
                </TextEquiv>
            </TextLine>
            <TextEquiv>
                <Unicode></Unicode>
            </TextEquiv>
        </TextRegion>
        <TextRegion id="tr_1761395419" custom="readingOrder {index:8;}">
            <Coords points="1335,1578 2237,1578 2237,2287 1335,2287"/>
            <TextLine id="tr_1761395419_tl_1" custom="readingOrder {index:0;}">
                <Coords points="2119,2209 2218,2212 2218,2262 2119,2259"/>
                <Baseline points="2119,2254 2164,2254 2209,2257 2218,2257"/>
                <TextEquiv>
                    <Unicode>Advt.</Unicode>
                </TextEquiv>
            </TextLine>
            <TextEquiv>
                <Unicode></Unicode>
            </TextEquiv>
        </TextRegion>
        <TextRegion id="tr_1761395416" custom="readingOrder {index:9;}">
            <Coords points="518,2446 2163,2446 2163,2858 518,2858"/>
            <TextLine id="tr_1761395416_tl_1" custom="readingOrder {index:0;}">
                <Coords points="632,2486 2039,2477 2039,2527 632,2536"/>
                <Baseline points="632,2531 650,2531 695,2534 740,2534 785,2531 829,2531 874,2531 919,2531 964,2534 1009,2531 1053,2528 1098,2531 1143,2528 1188,2531 1233,2528 1277,2528 1322,2528 1367,2525 1412,2525 1456,2522 1501,2522 1546,2522 1591,2525 1636,2525 1680,2522 1725,2522 1770,2522 1815,2519 1859,2522 1904,2522 1949,2519 1994,2516 2039,2522"/>
                <TextEquiv>
                    <Unicode>Lo mas necesario en su casa</Unicode>
                </TextEquiv>
            </TextLine>
            <TextLine id="tr_1761395416_tl_2" custom="readingOrder {index:1;}">
                <Coords points="734,2582 1907,2567 1907,2617 734,2632"/>
                <Baseline points="734,2627 743,2624 788,2627 832,2624 877,2621 922,2624 967,2621 1012,2618 1056,2618 1101,2621 1146,2618 1191,2621 1236,2621 1280,2621 1325,2618 1370,2618 1415,2618 1459,2618 1504,2618 1549,2615 1594,2615 1639,2615 1683,2618 1728,2615 1773,2612 1818,2612 1862,2609 1907,2612"/>
                <TextEquiv>
                    <Unicode>ES UN BUEN EQUIPO DE COCINA</Unicode>
                </TextEquiv>
            </TextLine>
            <TextLine id="tr_1761395416_tl_3" custom="readingOrder {index:2;}">
                <Coords points="677,2671 1997,2653 1997,2703 677,2721"/>
                <Baseline points="677,2716 698,2716 743,2713 788,2713 832,2713 877,2710 922,2710 967,2710 1012,2710 1056,2707 1101,2707 1146,2707 1191,2707 1236,2707 1280,2707 1325,2707 1370,2704 1415,2704 1459,2701 1504,2704 1549,2704 1594,2701 1639,2701 1683,2701 1728,2701 1773,2698 1818,2698 1862,2698 1907,2698 1952,2695 1997,2698"/>
                <TextEquiv>
                    <Unicode>LE FRECEMOS LO MAS MODERNO EN ESTE RAMO.</Unicode>
                </TextEquiv>
            </TextLine>
            <TextLine id="tr_1761395416_tl_4" custom="readingOrder {index:3;}">
                <Coords points="904,2767 1761,2764 1761,2814 904,2817"/>
                <Baseline points="904,2812 910,2815 955,2812 1000,2812 1044,2815 1089,2812 1134,2806 1179,2806 1224,2809 1268,2809 1313,2809 1358,2809 1403,2806 1447,2806 1492,2806 1537,2806 1582,2806 1627,2806 1671,2806 1716,2803 1761,2809"/>
                <TextEquiv>
                    <Unicode>VISITENOS.</Unicode>
                </TextEquiv>
            </TextLine>
            <TextEquiv>
                <Unicode></Unicode>
            </TextEquiv>
        </TextRegion>
        <TextRegion id="tr_1761395418" custom="readingOrder {index:10;}">
            <Coords points="621,2721 2044,2721 2044,2948 621,2948"/>
            <TextLine id="tr_1761395418_tl_1" custom="readingOrder {index:0;}">
                <Coords points="824,2853 1818,2862 1818,2912 824,2903"/>
                <Baseline points="824,2898 868,2901 913,2898 958,2901 1003,2901 1047,2901 1092,2901 1137,2901 1182,2898 1227,2898 1271,2901 1316,2904 1361,2904 1406,2904 1450,2907 1495,2910 1540,2907 1585,2907 1630,2904 1674,2904 1719,2901 1764,2901 1809,2904 1818,2907"/>
                <TextEquiv>
                    <Unicode>FERRETERIA FINLAY</Unicode>
                </TextEquiv>
            </TextLine>
            <TextEquiv>
                <Unicode></Unicode>
            </TextEquiv>
        </TextRegion>
        <TextRegion id="tr_1761395410" custom="readingOrder {index:11;}">
            <Coords points="996,3102 1484,3102 1484,3190 996,3190"/>
            <TextLine id="tr_1761395410_tl_1" custom="readingOrder {index:0;}">
                <Coords points="1032,3119 1456,3119 1456,3169 1032,3169"/>
                <Baseline points="1032,3164 1077,3164 1122,3167 1167,3167 1212,3167 1256,3164 1301,3164 1346,3164 1391,3164 1436,3164 1456,3164"/>
                <TextEquiv>
                    <Unicode>Ayuntamiento de Madrid</Unicode>
                </TextEquiv>
            </TextLine>
            <TextEquiv>
                <Unicode></Unicode>
            </TextEquiv>
        </TextRegion>
    </Page>
</PcGts>
