2479 3508
949 513 1928 575 F. SCra á co¬
901 617 1961 679 San Francisco Esquina San lusto,
976 880 2036 942 llegados ahora por este correo, esta casa tiene
841 949 2024 1014 un esplendido surtido de frajes preciosos de Corte Mo¬
841 1020 2030 1091 derno. Telas primorosas de Crepé de la China, etami¬
847 1095 2021 1163 na Georgette, Punto. Tafeta, combinado todo con cres¬
850 1170 1077 1223 pón aéreo.
976 1256 2021 1324 Vengan a esta casa las más bellas flores del pen¬
838 1331 2030 1402 sil riqueño, y saldrán más bellas con tan rico atrerzo.
910 1543 1212 1599 San Juan,
1585 1549 1979 1614 Puerto Rico.
403 1835 2024 1900 blas un Alingliva, Miggua y La
719 1952 1773 2014 Para los Estudiantes.
453 2050 1973 2112 Español para los Americanos
734 2191 1668 2250 Por na oque de upren.
310 2310 880 2363 ARIO PEDRAS.
1642 2319 2089 2375 PTO RICO. E
498 2773 1934 2841 LA
1032 3119 1453 3169 Ayuntamiento de Madrid
