2479 3508
1598 0 2358 116 Archivo General de la Nación
1799 83 2145 188 HEMEROTECA
873 217 1587 395 FEMINA
487 449 1878 551 REVISTA DE LITERATURA, CIENCIAS Y ARTES
766 540 1603 612 CONSAGRADA A LA MUJER.
824 625 1543 710 DIRECTORA ADMINISTRADORA:
717 699 1652 788 PETRONILA ANGELICA GOMEZ.
1002 759 1360 833 Maestra Normal.
1016 855 1348 933 REDACTORES
703 889 1665 991 MARIA L ANGELIS DE CANINO.
292 962 2083 1049 PETRONILA A. GOMEZ, CONSUELO MONTALVO DE FRIAS.
196 1069 409 1152 Año 2
813 1081 1603 1150 San Pedro de Macorís, Agosto 31 de 1923
1947 1085 2174 1156 Nro. 26
746 1261 1029 1382 Para "Fémina"
344 1453 1168 1583 NO puede ponerse en tela de duda
384 1538 813 1621 esta gran verdad:
467 1583 1165 1659 El feminismo va día por día
391 1636 1161 1715 avanzando en el amplio campo de
388 1703 1161 1766 su desenvolvimiento, sobre todo
391 1753 1152 1819 en la gran extensión de tierras
154 1793 1168 1871 comprendidas, limitadas por Venezuela, Co-
154 1857 1161 1933 lombia i las Guayanas al Norte i el Cabo
154 1907 576 1976 de Hornos al Sur.
261 1945 1156 2032 La doctrina—si lo es— tiene, finalida-
154 2005 1168 2099 des mui nobles; mui grandes, mui sabias i
161 2063 621 2154 por ende mul útiles.
257 2096 1159 2183 La mujer debe ocupar el puesto que le
154 2161 1168 2244 corresponde en la sociedad. Despreciando
161 2228 1152 2291 prejuicios i nutriendo su intelijencia debe,
150 2277 1159 2340 tiene la obligación imprescindible de aspirar.
159 2328 1152 2391 a prepararse de modo a quedar completa-
159 2389 1165 2456 mente extraña a la especie de tutelaje a que
154 2436 1152 2507 se la tiene uncida como un carro al hombre,
159 2487 1161 2561 por los códigos; estos la tratan no como un
159 2543 1161 2605 menor, no como un ser incapacitado, sin
154 2592 1168 2654 personalidad jurídica, sino como un objeto
150 2641 1159 2704 más o menos hermoso y atrayente; de niña.
159 2699 1161 2759 está bajo la patria potestad en veces tiránica
150 2748 1163 2815 ibestial; de casada sale de una tutela para
159 2802 1156 2869 entrar ciega por la pasión, apremiada
161 2860 1168 2931 por la necesidad, acosada por el miedo al
154 2911 1156 2974 celibato, o Dios sabe por qué, en otro domi-
154 2960 1161 3025 nio quizá peor que el primero; de viuda o
159 3014 1165 3079 divorciada en lugar de estar sujeta a un amo.
154 3067 1159 3143 queda a merced de innúmera falanje de
152 3126 299 3208 amos.
1304 1462 2197 1561 I es que el hombre, so pretexto de de-
1201 1536 2197 1619 fender sus derechos negando a la mujer los
1199 1601 2201 1665 suyos oculta con malicia la defensa de sus
1203 1657 2195 1735 vicios a fin de que ningún control pueda re-
1208 1701 1429 1782 primirlos.
1302 1746 2197 1833 Copiemos de Eva Futura, novela, fe-
1199 1799 2190 1866 minista del atildado escritor Francisco Gic-
1203 1855 2195 1931 ca, Director de El Progreso, vocero libre-
1203 1911 1828 1994 pensador de Buenos Aires:
1313 1938 2206 2041 “Este libro es verbo de combate idel
1194 2016 1956 2078 redención para el sexo oprimido.
1304 2049 2141 2137 Es decálogo de sus futuros derechos.
1302 2116 2203 2188 Es NORTE hacia el cual las siervas;
1197 2174 2190 2248 marchan, pidiendo justicia, igualidad i dig-
1199 2228 1438 2315 nificación.
1302 2262 2203 2335 Estas páginas tratan de vulgarizar los
1197 2311 2199 2393 anhelos feministas, reformando la vetusta
1194 2380 2199 2471 conciencia del hombre, i formando una nue-
1208 2433 1804 2523 va conciencia en la mujer.
1297 2483 2201 2556 Yla infamia que durante siglos reinó
1212 2538 2197 2603 proclamando: LA MUJER ES PROPIE-
1197 2601 2197 2668 DAD DEL HOMBRE” seguirá la era de
1208 2650 2192 2710 justicia cuando la humanidad, MARCHANDO
1203 2699 2197 2762 EN POS DEL IDEAL proclamará! LA MUJER
1206 2750 1857 2831 ES IGUAL AL HOMBRES
1302 2802 2188 2867 Para esta alta finalidad es preciso que
1199 2835 2197 2918 la mujer se prepare para la lucha mui ruda.
1203 2909 2188 2969 que inpone el logro de sus justas aspiracio-
1194 2960 2188 3047 nes: la adquisición de sus derechos civiles y
1206 3012 1409 3094 políticos..
1306 3043 2192 3123 Ya en Sur América cuenta como leader
1197 3117 2188 3206 feminista peruana, con María Jesusa Alva-
