2479 3508
356 126 620 237 Férrinar
2130 127 2346 217 Página 2
321 239 1337 316 rado Rivera, i a más Elvira Garcia Garcia;
321 306 1323 370 En Uruguai con la Doctora Paulina Luisi y
324 356 1332 413 en Buenos Aires con las Doctoras Julieta-
321 401 1323 472 Lanteri, Alicia Moreau, Elvira Rawson De-
321 458 1331 526 llepiani, Sara Justo, Urbana Arigos Brito,
342 516 1334 577 Josefina Durbec Routin, Petrona Eyle, Julia.
326 569 1335 625 Fournier. Ernestina Molina, María Abella.
333 620 1341 678 Ramirez, Isabel iEsther Karriusky, Juana:
333 672 1336 743 Mestier, Sara Satanawsky, Rosa Pavlovky,
326 725 1344 781 Antonia Freuler i mil i mil otras que ocupan-
326 780 1339 837 lugar preferente en el movimiento intelectual.
326 834 1335 888 femenmno i por ende en pro de la emanci-
330 889 1339 949 pación intelectual de la mujer; anhelo justo.
330 936 1328 1022 que el hombre ecuánime debe ver i atender
320 993 1008 1069 ayuno de perjuicios absurdos.
428 1038 1342 1114 Ha pasado, se pierde en las lejanías del
321 1083 1334 1161 los tiempos pretéritos la absurda creencia de
329 1154 1326 1219 que la mujer carecía de alma; la época a-
326 1196 1337 1264 quella en la cual no enseñaban a escribir a
326 1256 1337 1314 las jóvenes por temor de que se cartearan
325 1309 1328 1379 con los novios o con los que aspiraban a ta-
325 1341 1335 1433 les se ha enmohecido de puro bárbara i de
333 1407 583 1480 puro vieja.
434 1431 1339 1533 La mujer permaneció durante muchos.
329 1483 1346 1585 siglos sojuzgada, esclavizada, anulada en su
345 1568 1337 1627 personalidad i según la ley bárbara de los
333 1618 1349 1676 burgondos el hombre pagaba al padre de la
348 1670 1344 1725 joven casadera un impuesto nupcial (nuptia-
325 1731 1341 1791 le pretium) quedando libre para casarse.
326 1778 1344 1843 con esta o con otra cualquiera, volviendo a
337 1834 1187 1902 pagar a los padres de la novia nueva.
428 1878 1342 1943 En el siglo IX dice Carlomagno, i esto!
330 1935 1328 1993 confirma lo anterior: “Que en nuestros gine-
342 1990 1328 2052 ceos se halle todo para trabajar, es decir, lino,
326 2031 1337 2096 lana, cochinilla, peines, jabón, aceite, vasos.
333 2093 1331 2158 itodas las cosas que son necesarias para el
330 2148 1342 2201 trabajo de la mujer: (feminae nostrae qua
325 2207 1330 2264 adopus nostrum servientes sunt) que sa-
345 2257 1337 2311 quen nuestras mujeres lana y cáñamo con
330 2304 1320 2363 que fabricarán capas y camisas”. Aún ayer:
318 2352 1340 2422 Napoleón I en sus memorias de Santa Elena.
333 2412 1337 2475 escribía: "La mujer se le da al hombre
335 2470 1326 2531 para que críe los hijos. La mujer nos per-
339 2515 1332 2577 tenece exclusivamente i nosotros no a ella.
331 2554 1347 2642 Ella es la propiedad del hombre, así como
333 2616 972 2687 el árbol lo es del jardinero”.
434 2659 1342 2744 Afortunadamente la civilización, los
344 2729 1335 2797 progresos intelectuales imorales de la mujer.
330 2788 1334 2849 si aun no la han colocado en el puesto que
326 2836 1328 2894 le corresponde, han contribuido i contribu-
325 2889 1335 2953 yen a que el hombre mire a la más bella
339 2941 1341 2996 mitad del género humano con algún respeto.
329 2981 1340 3076 ivaya cediendo aunque a regañadientes, el
316 3049 856 3124 terreno que es de ella.
431 3078 1346 3181 La mujer que no es igual al hombre no
1375 227 2388 320 es digna de ser su compañera; el varón debe
1374 311 2381 380 sentir asco, desprecio hacia una esposa que
1375 361 2000 432 no es sino carne de placer.
1480 396 2381 470 No consentiré jamás que la mujer sea
1372 464 2388 518 superior al hombre i que este la mire como
1375 517 2394 574 los idólatras miran sus fetiches: quiero la
1375 572 2388 631 mujer igual al hombre, su compañera en el
1380 625 2389 707 hogar para compartir la ponderosa carga de
1375 669 2385 734 la educación de los hijas. Y ya que hai filó-
1372 725 2386 792 sofos que créen que el amor es un engaño del
1378 776 2381 834 la Naturaleza con el fin de revestir de en-
1380 833 2383 889 canto la reproducción, debemos pensar que
1372 885 2380 941 si la compañera no es igual al varón decla-
1372 937 2388 1006 rariámos una vez por todas, que si entra en
1375 988 2381 1040 el hogar solamente en su condición de hem-
1378 1046 2380 1105 bra, cualquiera podría desempeñar ese pa-
1380 1102 2390 1166 pel, aún en el caso bestial de la diferencia.
1379 1146 1751 1217 de especie...........
1481 1190 2385 1270 Edúquese a la mujer a fin de que sien-
1378 1255 2381 1316 do nuestra igual, teniendo los mismos dere-
1380 1308 2376 1372 chos, ya que cumple los deberes más graves,
1378 1360 2164 1426 sea digna del respeto que merece.
1480 1405 2370 1481 Entonces, sólo entonces "Eva Futura”
1378 1463 2381 1532 luchará valiente en la tribuna, en la calle,
1380 1528 2389 1586 en el periódico para los derechos que son
1387 1576 2383 1643 Verbo de Verdad i de Justicia. La emanci-
1384 1632 2381 1703 pación de la mujer debe ser obra de la mu-
1391 1678 2179 1769 jer misma ayudada por el hombre;
1888 1761 2332 1873 L. J. BOBEA
1449 1982 2311 2106 NO ME SIGAS AL MAR
1980 2083 2240 2174 PARA FEMINA.
1646 2149 2116 2233 A MI HERMANA ANA.
1497 2231 2235 2309 No me sigas al mar que yo no quiero
1455 2301 2083 2361 mis horas de nostalgias disipar.
1455 2347 2160 2413 No me sigas al mar, es que prefiero
1458 2391 2094 2469 con mis tristezas intimas llorar.
1497 2460 2101 2540 Solo las olas plañideros saben
1455 2520 2109 2579 de mi aserbo dolor y mi tristura.
1467 2569 2179 2637 Que ya dentro del pecho no me caben,
1455 2624 2142 2695 mis penas y mi tétrica amargura.
1502 2677 2197 2767 No me sigas al már que ya la brisa
1455 2744 2142 2816 al contar go a las olas mis dolores
1452 2802 2094 2851 con suaves giros y amorosa risa
1443 2842 2188 2918 fué a decirles mis penas a las flores.
1826 2902 2266 2996 Mercedes Bobea de Legreauz.
1464 2972 2018 3072 Boca Chica, Agosto 10. 1923..
