2479 3508
220 141 429 245 Página 3
1926 157 2198 260 Fémina
356 261 1938 424 Mercedes Solá y Rodríguez
305 497 1185 620 ¡Es tarea por demás difícil pretender
291 586 1195 659 bosquejar en las columnas de una
187 641 1188 704 revista, la prematura muerte de una Re-
190 692 791 771 dentora de nuestra causa.
290 725 1191 822 La rápida desaparición del teatro de
190 793 1194 884 la vida de una mujer patriota, de una mu-
196 857 958 926 jer sublime, de una mujer ideal.
289 899 1188 973 Las letras saltan a montones a mi vis-
190 950 1183 1030 ta, por mis mejillas corren gruesas lágri-
184 1015 1175 1079 mas, que caen en las cuartillas en que tra-
184 1077 1188 1151 zo estas lineas, transforiada en gotas del
184 1121 325 1185 rocío.
299 1138 1177 1241 Es que se me hace casi imposible des-
177 1210 1182 1283 cribir a grandes rasgos la fecunda labor
186 1280 1182 1368 de la valiente feminista Srta. Mercedes
184 1316 622 1409 Sola y Rodriguez.
274 1374 1178 1439 La Directora de la importante Revista
220 1421 1176 1491 La Mujer del Siglo dala Vice Presi-
184 1480 1176 1544 denta del Comité Local de la Liga Femeni-
179 1540 1185 1625 na Puertorriqueña, la mujer toda bondad,
183 1596 955 1657 toda luz, toda candor ha muerto.
291 1638 1178 1716 La conocimos en la intimidad.. En su
184 1703 1176 1756 misma mesa de labores periodísticas tra-
181 1743 1173 1821 bajamos juntas, luchamos por una mis-
181 1807 1167 1860 ma causa, por un mismo ideal, nos compe-
184 1855 1176 1920 netramos con su espíritu, nos unió amistad.
178 1906 1177 1967 del alma, tan estrechamente, que ahora
178 1963 1177 2022 que ella ha muerto sentimos en la nuestra
187 2014 857 2076 un doloroso desgarramiento.
277 2049 1170 2123 Cuando se ha eclipsado este brillante
181 2110 1175 2171 sol, de suprema inteligencia, ha querido el
172 2169 1178 2228 destino hacer poco notorio su fallecimien-
181 2219 1171 2278 to, produciendo en todos los ánimos la te-
176 2278 1170 2329 rrible impresión de la espantosa catástro-
176 2327 1176 2387 fe. Pero aparte del negro dolor que nos
172 2382 1170 2437 conmueve, por la inconmensurable desgra-
178 2432 1170 2491 ciá que se cierne sobre la cansa feminista
187 2484 1173 2545 puertorriqueño, hay otro dolor, no menos
172 2534 1171 2602 intenso por el desaparecimiento eterno de
172 2584 1168 2648 aquella ilustre patriota, mujer hidalga,
176 2633 1163 2706 ciega y fanática adoradora de la libertad y
172 2696 1178 2756 del derecho. Mujeres de esa alta talla,
171 2743 1170 2801 moral son bien escasas; bajan al sepulero,
181 2796 1167 2858 pero no mueren. Perdura su nombre al
176 2844 910 2928 través del tiempo y del espacio.
1332 526 2216 630 Mercedes a más de periodista, lucha-
1229 601 2220 670 dora infatigable por los derechos de la mu-
1229 656 2215 719 jer, fué también una oradora ateneista.
1237 712 2218 777 Tenía su elocuencia, con el ímpetu y la
1227 759 2219 836 impulsividad de gran polemista, chispazos
1229 822 2218 875 de ironía que envolvían en ridículo las te-
1224 871 2218 926 sis contrarias y cierta comunicativa virtud.
1236 924 2215 994 por la que Mercedes, hasta en la conversa¬
1229 979 2206 1035 ción por poco que se animase, daba la im-
1227 1023 2215 1109 presión de vivir sus frases y echar afuera
1229 1072 1754 1138 el alma en la palabra.
1329 1124 2215 1197 Así considerada ella, fué no sólo una
1224 1180 2215 1247 de las más brillantes intelectuales del día,
1224 1236 2189 1305 sino una de las mas brillantes feministas.
1338 1279 2211 1349 Nosotras lloramos con la familia, con
1226 1325 2213 1399 la patria y con la Liga Feminia Puertorri-
1224 1394 2210 1477 queña la desaparición de una de sus co-
1224 1439 1694 1512 lumnas más sólidas.
1324 1473 2215 1556 Aún nos parece luchar junto a ella
1231 1540 2206 1626 por la libertad de nuestra Patria y la li-
1224 1604 2083 1653 bertad de nuestra hermana la mujer.
1323 1633 2215 1727 A esta isla hermana de la nuestra lle¬
1216 1694 2209 1773 gó un día Mercedes, demandando un rin-
1224 1757 2201 1816 cón en este suelo donde sembrar las semi-
1226 1810 2200 1872 llas de nuestra causa. No encontró muy
1224 1860 2206 1916 fértil el terreno, y a pesar de haber deja-
1217 1916 2208 1965 do el gérmen del ideal regresó seguida a
1216 1974 2203 2052 nuestro país encantada de la hospitalida!
1219 2012 1936 2082 y de la bondad de este pueblo.
1315 2046 2206 2135 Nosotras a distancia reclamamos del
1217 2101 2209 2185 Ateneo Puertorriqueño que en su sala fi-
1220 2180 2213 2244 gure el retrato de la abuegada mujer que
1219 2228 2204 2284 todo lo sacrificó en aras de ideales gran-
1212 2277 2210 2344 des y hermosos. Mercedes sacrificó, las
1217 2331 2209 2392 comodidades del hogar, el cariño de su
1211 2381 2209 2442 familia es decir, lo sacrificó todo para de-
1211 2435 2208 2499 dicarse de lleno a nuestra causa. Si exis¬
1211 2481 2203 2558 ten Redentores Mercedes fué un Redentor
1214 2536 1689 2612 del ideal Feminista.
1318 2570 2204 2659 Adios, luchadora infatigable en favor
1211 2646 2209 2703 del progreso de la mujer. Bien mereces la
1210 2702 2201 2775 corona de laurel y miosotis que hemos con-
1210 2741 1734 2829 sagrado a tu memoria.
1387 2812 2149 2933 MARíA LUISA ANGELIS DE CANINO.
