2479 3508
1938 157 2201 281 Fémina
238 163 448 252 Página 5
204 276 1012 383 LA CARIDAD.
207 454 834 569 SOBRE este gran camino
197 533 836 606 de España, por donde
199 580 828 655 las bellas mujeres y los her-
202 638 834 706 mosos mancebos, los brazos
202 703 839 766 entrelazados, regresaban de
199 750 824 816 la corrida, el joven mendigo.
200 805 828 873 bien envuelto en su capa he-
199 849 831 920 cha girones, pedía limosna.
194 902 832 971 diciendo que no había comi-
194 965 834 1034 do durante dos días; y, no
197 1004 834 1075 obstante la firme salud de
199 1059 837 1125 la carne de su torso, tan
194 1114 834 1181 tostada que parecía de oro.
194 1177 836 1238 en las desgarraduras de sus
197 1217 837 1288 andrajos, se adivinaba que
194 1267 828 1358 no mentía, con sólo conside-
899 470 1539 558 rar su aire lamentable y sus
897 545 1532 619 mejillas ahondadas por el
902 601 1540 659 ayuno. Sin embargo, las
902 650 1531 719 gentes no se ocupaban de
903 706 1527 776 él, absortas en sus cancio-
903 755 1521 816 nes y en su amor. ¿Le de,
913 808 1537 889 jarían morir, al bello mendi-
899 857 1320 926 go, sobre la calle?
960 905 1521 970 Unicamente tres mucha-
902 952 1529 1025 chas se detuvieron: veinté
899 1009 1532 1101 años, sanas y risueñas, y le
902 1063 1354 1136 tuvieron compasión.
946 1101 1521 1191 La primera le dió un real.
997 1170 1432 1238 —¡Gracias!—dijo él.
944 1228 1532 1304 La segunda le dió una
892 1264 1060 1354 peseta.
1697 478 2221 574 —¡Que Dios os la devuel-
1608 554 1880 622 va!—le dijo.
1647 590 2222 664 La tercera, la mas pobre
1607 661 2227 726 y la más bella, no tenía ni
1607 710 2227 774 pesetas ni reales; le dió un
1595 760 2221 834 beso en la boca. El ham-
1595 808 2222 884 briento no pronunció pala-
1589 868 2227 936 bra; pero descubriendo a un
1597 923 2219 991 vendedor de flores que pa-
1590 967 2221 1036 saba, pagó, con todo el di-
1597 1031 2222 1099 nero mendigado, un gran
1592 1072 2217 1144 ramo de rosas, y se lo ofre-
1590 1130 2229 1193 ció a la hermosa muchacha..
1739 1204 2171 1303 CATULLE MENDES.
1589 1282 1985 1358 Del Ateneo de Honduras
235 1461 1363 1563 VOY POR EL CAMINO
197 1636 828 1762 VOY por el camino sem-
296 1723 828 1789 brando las semillas que
196 1778 828 1849 me diste. Tedavía no ha
187 1822 832 1901 salido el sol y la tierra no
197 1880 828 1954 ha sido regada, por tu lluvia.
191 1931 514 2012 Amanece....
244 1985 829 2059 Ya viene la primavera
197 2025 831 2111 (esperemos a Mayo) y la
197 2093 824 2179 tierra prepara su guirnalda.
884 1640 1531 1744 de festines y se lanza en la
894 1739 1527 1804 carroza de los vientos a
894 1778 1531 1847 anunciar tu llegada. Ya
895 1834 1429 1904 viene la primavera....
946 1872 1518 1964 La tierra que me diste se
895 1909 1521 2011 ha humedecido, sorpren-
889 1986 1516 2057 diendo mi espera, y las se-
886 2040 1527 2106 millas que siembro van a
884 2087 1527 2182 nacer... En el horizonte
1589 1637 2214 1747 se levanta el sol y su manto
1589 1733 2214 1791 cae, con ardiente suavidad,
1594 1786 2222 1851 sobre el camino.... Y los
1589 1838 2222 1910 caminantes pásan sin ade
1592 1885 2217 1970 vertir que siembro las semi-
1594 1940 2004 2027 llas que me diste.
1734 2001 2172 2121 DELIA M VVEREN
1586 2100 1836 2174 Santo Domingo.
194 2295 1490 2395 FEMINA EN LOS EE. UU.
191 2462 946 2576 FEMINA, República Dominicana.
226 2560 1181 2639 AGRADECEMOS los elogios que dedican a
191 2597 1183 2677 ¿a nuestra sociedad i a muestro periódi-
183 2677 1185 2740 co, las cultas señoras que forman el cuerpo
186 2727 1178 2794 de redacción de la importante revista do-
187 2785 1172 2867 minicana, que lleva el nombre de "Témi-
179 2830 286 2908 na”.
293 2849 1190 2950 Petronila Angélica Gómez, María L.
186 2932 1178 3005 Angelis de Canino i Consuelo Montalvo de
186 2987 1178 3043 Frias son las personas que editan este pe-
186 3051 1188 3105 riódico. Ellas poseen los elementos que
186 3090 1181 3169 se necesitan para contribuir a modificar
1222 2474 2214 2559 i desarrollar lo que debe ser la base de la
1224 2555 2217 2612 educación i el progreso femenino. Por es-
1230 2604 2216 2665 ta razón han tenido magníficos resultados
1228 2657 2221 2728 con su revista Fémina, a la que nosotros
1228 2702 1712 2791 deseamos larga vida.
1329 2765 2216 2859 Estas damas dominicanas a quienes
1222 2838 2206 2896 tenemos el gusto de referirnos, son repre-
1222 2888 2206 2943 sentantes de la Liga Internacional de Mu-
1227 2940 2211 3001 jeres Ibéricas e Hispano americanas, en la
1224 2995 1781 3077 República Dominicana.
1269 3063 2206 3176 De "Feminismo Internacional” mes de Junio.
