2479 3508
376 164 639 260 Femina
2133 169 2340 257 Página 6
341 331 2370 434 QUEDA ESTABLECIDA EN ESPAÑA LA LIGA IN-
555 447 2163 540 TERNACIONAL DE MUJERES IBERICAS
800 575 1908 661 E HISPANO-AMERICANAS
459 760 851 856 LA DIRECTIVA
333 823 974 911 LA señora Elena Arizmendi,
338 904 984 967 Secretaria General de la Liga
343 944 972 1004 Internacional de Mujeres Ibé-
348 994 964 1052 ricas e Hispanoamericanas, y
348 1040 969 1093 representante de México en el
338 1073 969 1136 Comité de Cooperación Inter-
341 1128 977 1184 nacional, establecido en Nueva.
353 1166 972 1227 Yorl, tiene el gusto de comu-
343 1216 972 1262 nicarle a las representantes de
346 1249 967 1310 esta institución y a todas las
353 1292 977 1350 personas que se interesen por
348 1348 972 1408 el progreso de la misma, que
341 1373 972 1441 ha quedado definitivamente
341 1433 972 1504 establecido el Centro de la Li-
348 1466 651 1537 ga en España.
386 1497 977 1575 Las ilustres personas que
343 1542 977 1630 encabezan la sociedad en Es-
356 1598 858 1651 paña son las siguientes:
389 1630 977 1704 Presidenta efectiva de la Li-
343 1668 972 1736 ga Internacional de Mujeres
343 1729 977 1792 Ibéricas e Hispanoamericanas:
348 1782 969 1830 señora doña Carmen de Bur-
348 1815 977 1873 gos Segui (Colombine), Ilustre
348 1868 972 1923 dama, que por sus resonantes
348 1905 979 1961 trabajos científicos, literarios,
351 1953 969 1999 periodísticos, y por sus activi-
343 1994 982 2044 dades que han dado una feliz
343 2029 972 2120 solución a serios problemas de
1037 757 1671 848 orden social, ha alcanzado una
1040 835 1661 904 fama internacional sin prece
1040 873 1181 944 dente.
1078 891 1673 977 Secretaria de la Presidencia
1037 951 1668 1015 de la Liga en Madrid: Exma.
1040 999 1661 1052 Señorita Micaela Díaz Balva.
1030 1050 1676 1105 neda, Profesora de la Escuela
1040 1093 1668 1163 Normal de Madrid y escrito-
1058 1146 1097 1178 ra.
1088 1146 1671 1229 Vocales: Dona Concepción
1037 1199 1661 1274 Alexandre, Doctora en medici-
1040 1267 1658 1315 na; doña Manuela Osia, Maes
1037 1310 1671 1360 tra Nacional; doña Josefa Ba-
1040 1353 1658 1403 rrera, profesora de Sus Alte
1032 1393 1666 1449 zas Reales las Augustas her-
1040 1431 1668 1492 manas de Don Alfonco XIIl y
1030 1476 1671 1534 de la Escuela Normal; doña
1040 1517 1668 1575 Adela Ruiz Hidalgo, Maestra
1037 1565 1658 1620 Nacional; doña Antonia Cabre
1037 1610 1668 1668 jo. Comerciante; doña Pilar
1040 1645 1668 1706 Palero, propietaria; doña Ma-
1037 1698 1673 1746 tilde Muñoz, escritora: doña
1037 1744 1673 1787 Salomé Núnez, escritora; doña
1037 1787 1678 1837 Ana Escuder, de la Cruz Roja;
1040 1827 1678 1883 doña Rosa Equilos, escritora;
1035 1873 1666 1921 señorita Sánchez Bon, señori-
1042 1910 1676 1969 ta Balbina, Parada, señorita
1040 1958 1666 2019 Gloria Chacón, señorita Pilar
1040 1994 1673 2052 Paniagua, Exma, señora doña
1042 2039 1673 2112 María Bigada, Directora de
1739 760 2375 840 la Escuela Normol; Ezma, se-
1736 833 2367 886 ñora Marquesa del Ter; Exmo.
1736 881 2372 926 señor Don Faustino Prieto,
1741 921 2370 987 Secretario de la Real Sociedad.
1736 962 2367 1012 Madritense; señor. Don Mi-
1736 999 2367 1060 guel Giménez Aguirre, Biblio-
1729 1055 2370 1121 tecario del Senado; Srta. Ket-
1741 1095 2032 1156 ty de Burgos.
1772 1110 2370 1199 La distinguida Presidenta
1731 1174 2372 1249 da la Liga Internacional de
1736 1216 2370 1277 Mujeres Ibéricas e Hispano-
1729 1267 2375 1320 americanas ha comenzado a
1736 1312 2375 1363 movilizar las voluntades de las
1741 1348 2372 1418 mujeres y de los hombres
1736 1403 2375 1464 más ilustres, y pronto todos
1729 1433 2372 1489 los Comités de Cooperación
1731 1479 2372 1527 Internacional, establecidos en
1731 1524 2367 1580 Nueva Yorl e Hispano-Améri-
1741 1572 2372 1620 ca serán importantes centros
1736 1615 2370 1661 por cuyo conducto se desarro-
1736 1651 2372 1721 llarán todos los trabajos que
1736 1704 2372 1754 está llamado a desempeñar el
1739 1744 2372 1807 sexo femenino en la sociedad.
1777 1792 2367 1835 Está perfectamente demos-
1736 1827 2372 1895 trado que toda persona bien.
1736 1875 2372 1926 intencionada y culta, mujer u
1729 1913 2372 1961 hombre, i aun altos diguitarios.
1729 1948 2372 2029 aprueban y apoyan nuestro
1731 2004 1976 2072 programa.
1873 2027 2340 2120 De "Feminismo Internacional”
818 2284 1888 2382 FANTASIA DEL DESVELOS
389 2466 835 2546 Alma mía, ¿qué velas
341 2516 1194 2594 en la nocturna hora, como los centinelas,
343 2582 1136 2640 con los ojos abiertos para mejor velar,
351 2617 1168 2705 si no tienes ningún tesoro que guardar?
348 2655 800 2718 ¿Qué velas, alma mía,
348 2688 1322 2786 mientras que asordinados en su funda sombría
351 2743 742 2804 redoblan sin cesar
351 2779 1219 2890 tambores misteriosos su trémula alegría?.
399 2857 1345 2986 Que guardar ni esperar tienes ningún tesoro,
346 2925 840 3008 sobre el oleaje inquieto,
351 2988 790 3056 no el birreme de oro.
348 3028 719 3092 llega para la cita,
348 3061 1115 3170 no te revelarán la Esfinge su secreto,
1370 2468 2276 2574 ni las esferas cósmicas su música inaudita.
1403 2557 2372 2627 ¿Por qué guardas celosa, como un soldado alerta
1380 2605 2236 2680 mientras reposa todo, tu solitaria puerta,
1375 2665 2170 2731 si no tienes ningún tesoro que ocultar,
1378 2695 1830 2766 ninguno que esperar?
1421 2751 1878 2829 Es en vano, alma mía,
1370 2806 1815 2872 es en vano que veles,
1380 2827 2251 2917 la noche pasa sobre sus funebres corceles,
1380 2900 1825 2955 y él sol del nuevo día.
1380 2915 2244 3013 con la irisada pompa de todos sus caireles
1370 2988 2226 3049 se quebrará en el fondo de tu urna vacía.
1666 3031 2324 3122 MARIA EUGENIA VAZ FERREIRA.
1446 3074 1640 3160 Hondureña.
