2479 3508
285 114 494 221 Página 6.
1982 138 2233 240 Fémina
236 231 1230 309 oculta su corola, salen de mi pluma tímida,
248 304 1230 359 estas frases para dirigiros mi mas cara feli-
243 365 1237 422 citación con motivo del primer aniversa-
240 405 1237 482 rio de la benemérita revista Fémina, orgu-
238 463 866 521 lo de la mujer dominicana...
353 507 1231 575 Que prosiga sin desmayos, muchos a-
237 542 1239 628 ños, dando aliento i valor a la mujer del
248 611 454 689 porvenir.
601 636 1185 747 ERCILIA O. de PASTOR.
454 827 1024 921 El Talismán de Oro.
548 919 884 998 Para mis amigos.
553 966 1235 1057 Virgilio Díaz O. y Copito Mendoza.
261 1048 1239 1122 EL sabio pasó un severo examen a su
243 1111 1245 1186 pasado i lo encontró bueno; luego pensó.
243 1166 1234 1226 en su porvenir i lo halló lleno de abrojos;
252 1221 1236 1288 pero esto no lo hizo desistir; más bien le dió
237 1270 1235 1333 fuerzas para seguir la lucha, él poseía un
246 1327 1237 1387 precioso talismán que lo vence todo, que
245 1382 1244 1436 hace a los pueblos i a los hombres, llegar al
240 1432 1237 1491 la meta de sus aspiraciones: la perseveren-
235 1477 335 1556 cia.
909 1511 1191 1610 M. BAEZ G.
240 1680 1237 1772 El Sr. José Ml. Govin es Festejado en España
321 1768 1236 1841 En la noche del 5 del mes pasado se ofreció
243 1832 1244 1882 en el Hotel Ritz de Madrid, una comida íntima de
231 1870 1237 1923 confraternidad periodistica, para la celebración-
240 1914 1224 1972 de la constitución del primer comité de propagan.
237 1963 1237 2012 da en Sto, Domingo, labor que fué encomendada
237 2002 1235 2057 al Sr. José Ml. Govín, de la Empresa de "El
237 2044 700 2106 Mundo” de la Habi
328 2077 1230 2137 A dicho banquete asistieron altas persona-
237 2107 1237 2195 lidades de España i de Cuba,! Representantes,
237 2176 1020 2239 de la prensa de estos ide otros paises
359 2210 1230 2277 "El ex-Ministro, señor Franco Rodriguez.
237 2259 1235 2313 brindó, a la terminación del banquete, por el se-
237 2307 1235 2359 ñor J. M. Govín ipor la realización de los idea-
236 2359 1234 2412 les de confraternidad de la prensa de Hispa¬
240 2398 522 2451 no—América.
332 2426 1218 2490 El Sr. Govín, objeto de homenaje, explicó el
243 2485 1205 2536 acto de la constitución del primer comité en Sto.
250 2525 1228 2585 Domingo i los proyectos futuros que se propone
248 2573 1223 2624 llevar a la práctical obsequequió con una reproduc-
245 2613 1219 2662 ción en pergamino del acto del primer comité en
240 2653 1232 2727 Sto. Domingo i con interesantes fotografias que
237 2701 922 2755 obtuvo de la Hispaniola de Colón.
336 2731 1235 2806 Todos los concurrentes acogieron con entu-
237 2785 1177 2843 siasmo la idea i prometieron su cooperación".
330 2844 1239 2929 Nuestro Editorial. —Por ser de oportunidad i por
243 2902 1237 2968 el buen sentir que se trasluce en el trabajo de
240 2945 1221 3009 nuestro distinguido colaborador Sr. L. J. Bol
246 2997 1236 3045 bea, no podemos menos que ceder el lugar del
246 3041 1237 3105 Editorial, agradeciéndole esta brillante i sincera
240 3084 1170 3154 exposición que hace en favor del feminismo.
1316 236 2264 319 Don J. Julio Coiscon.—Fémina” con natural regoci-
1278 299 2269 361 jo aprovecha la ocasión de honrar su portada
1279 341 2263 409 con el foto grabado del cultísimo caballero cuyo
1285 393 2090 456 es el nombre que encabeza estas lineas.
1327 439 2268 505 Poco haí que decir de este caballero que no sea
1279 487 2245 540 sabido por la jeneralidad de sus conciudadanos.
1316 542 2264 600 Sinembargo como brillante hoja de servicios
1294 592 2267 643 podemos citar estos datos: En 1896 dirijió la
1276 638 2267 685 Escuela Normal de esta ciudad, probando su
1279 678 2260 730 idoneidad de buen pedagogo e imprimiendo al
1279 719 2265 798 plantel una marcha regular ide mul buenos re¬
1279 762 1473 821 sultados.
1318 804 2265 867 Compartieron con él las faenas del Magisterio
1276 855 2268 915 los profesores José Ma. Bernard, P. M. Dalmau
1278 911 2270 954 ¡L. J. Bobea, quienes a la par que le ayudaban
1279 954 2264 1001 con dedicación cosecharon mui buenos frutos
1279 998 2253 1048 de ese tronco pletórico de savia. Como Presi¬
1279 1037 2269 1091 dente del Hon. Ayuntamiento de la Gomún en
1283 1079 2268 1133 1914 llenó a cabalidad su misión iniciaudo mui
1288 1124 2256 1172 útiles disposiciones. Entre otras la organiza
1276 1170 2268 1237 ción del archivo comunal desde 1855 a 1914,
1279 1214 2209 1286 trabajo que se encomendó al Sr. L. J. Bobea.
1322 1258 2264 1327 En 1915 fué Diputado al Congreso Nacional i
1276 1309 2268 1378 representó mui diguamente los intoreses i dere¬
1281 1360 1771 1424 chos de sus mandantes.
1316 1401 2267 1463 Actualmente ocupa la Sindicatura de esta
1281 1445 2268 1529 Común i desempeña el cargo a satisfacción del
1276 1495 1441 1567 pueblo.
1323 1521 2268 1609 «Péminas al presentar al culto caballero tiene
1276 1594 2268 1650 el gusto de saludarle deseando que en el puesto
1279 1639 2265 1694 que ocupa añada un laurel más a la corona que
1276 1679 1595 1756 ya tiene cenida.
1402 1747 2152 1852 CHARADA NO. 12
1452 1831 1890 1911 ¿Te gusta mi TOTAL?
1416 1911 1889 1964 —A SEGUNDA TERGERA!
1417 1945 1866 2002 YO SEGUNDA PRIMERA
1408 1993 1817 2048 mi plata para jugar.
1406 2024 1889 2082 Si cantas en pos menor
1414 2077 1936 2134 y en PRIMERA algo cantas:
1411 2120 1936 2189 ya sabes que me encantas
1406 2172 1895 2238 cuando cantas de tenór.
2021 2210 2184 2298 LUZ.
1599 2293 1952 2388 CUPON.
1363 2361 2265 2447 Suplicamos a las damas y caballeros que
1279 2426 2260 2495 simpaticen con nuestra causa, se sirvan llenar
1279 2481 2251 2550 el siguiente Gupón y enviarlo a esta Redacción:
1324 2605 2225 2703 Yo............................. residente en
1311 2692 2236 2791 .................... calle ...................
1300 2776 2241 2886 No......, simpatizo con la causa feminista i así.
1298 2859 1616 2953 lo hago constar.
1450 3018 1588 3084 Fecha.
1957 3020 2095 3076 Firma
