2479 3508
284 129 549 208 Fémina
2043 120 2286 220 Página lo
527 218 2170 410 Por el Mundo Social
335 506 1261 590 Primer aniversario.—Nuestro estimado colega "El
245 557 1257 641 Esfuerzo” celebró el primer aniversario de su
247 623 1257 672 fundacion el dia 15 del mes que finaliza, i viene a
247 670 1257 725 nosotros con doble formató como prueba de sus
245 719 886 765 nobles aspiraciones de crecer.
335 747 1253 804 Es El Esfuerzo, uno como esfuerzo exponen-
241 800 1259 851 te del progreso de aquella ubérrima region,i
245 839 1253 898 Fémina que siempre ha visto con júbilo, d. siem-
247 892 1257 943 pre ha respondido con eco simpático a todo lo
245 935 1243 988 que sea indice de progreso, no deslogra la oca
247 980 1057 1037 sión de holgar con el colega apreciado.
347 1002 1259 1072 Que viva muchos años esforzándoss en la
251 1057 1041 1137 lucha, mil veces bendita del progreso,
341 1112 1241 1190 Compañero en prision. —Lamentamos sinceramen
253 1159 1257 1235 te la prisión de nuestro compañero Sr. Migu-
253 1221 1251 1274 Rodriguez, Director del diario loca! "La Pren-
253 1268 1257 1329 sa", ¡aunque ignoramos el verdadero motivo de
253 1313 1253 1364 dicha prisión, va nuestra súplica a las autorida-
253 1353 1257 1402 des competentes, para que se ponga pronto en
245 1392 1123 1464 libertad al laborioso¡honrado compañero.
247 1433 1259 1517 Nuevos cristianos.—El día 26 de este mes estuvo del
253 1511 1257 1566 plácemes el hogar de los esposos Don Julian
251 1545 1251 1600 Elsevifi Doña Graciela P. de Elsevif, con motive
251 1592 1253 1655 de haber recibido sus seis niños las regenerado-
253 1637 753 1709 ras aguas del bautismo.
341 1668 1247 1737 La ceremonia fué celebrada en su propia ca-
245 1731 1257 1800 sa, nuevo hogar a. tambien fué cristianizado esa
247 1770 541 1835 misma tarde.
335 1790 1245 1890 La ceremonia, en la cuál ofició Fray Venan-
253 1849 904 1931 cio de Ecija, quedó mui lucida.
335 1884 1261 1964 Apadrinaron el acto los señores Juan Morel,
257 1937 1255 2000 Juan Cambero, Rafael Sanchez Gonzalez, Ledo,
255 1986 1251 2049 Rafael Aug. Sánchez, Juan A. Eisevi, José Joa-
253 2037 1251 2092 quin Puello, Pablo Elsevi, Gabriel Llodrá i To-
253 2070 1251 2129 más Llodrá. Llas señoras Mercedes S. Vda.
259 2119 1247 2172 Puello, Mercedes P. de Hernandez, Chichita Si
251 2160 1259 2225 de Sánchez, Rosa de Cambero, Aha de Llodrá,
251 2217 1249 2280 Graciela F. de Pellerano, Altagracia i Ozema
251 2249 853 2311 Puello ¡ Asunción de Morey.
337 2270 1259 2349 Los simpáticos infantiles fueron bautizados
251 2333 1253 2394 con los nombres: Juaba Matilde, José Joaquin,
257 2380 1257 2435 Mercedes Teotiste, Graciela Aminta, Julián i
259 2425 1247 2490 Gloria Maria, a quienes deseamos larga ifeliz vi-
257 2470 1247 2535 da. La los esposos Elsevif, que en su nuevo ho
253 2511 1223 2580 gar derrame Dios sus celestiales bendiciones.
341 2564 1264 2633 Sensible fallecimiento.—El día 21 de este mes se
259 2611 1247 2682 rindió en el sueño eterno en esta ciudad, la esti-
259 2672 1247 2721 mada amiga nuestra Doña Pura de Broth, vir¬
257 2719 1257 2792 tuosa dama muy estimada por las bellas pren-
259 2756 761 2819 das morales que poseía.
335 2784 1264 2872 Deja tres vástagos privados del dulce cariño,
257 2829 463 2903 maternal.
341 2854 1264 2960 Llegue hasta el seno del hogar en duelo la
259 2935 1137 3005 expresion de nuestra sincera condolencia.
341 2980 1264 3054 Don Eduardo Correa. —El día 25 del mes que fina
263 3025 1261 3107 dejó de existir después de breve dolencia Don
259 3084 1253 3156 Eduardo Correa, tronco de una familia mui im
1296 514 1807 612 portante de esta ciudad.
1382 557 2319 633 El finado era Director de banquete de la
1298 621 2317 690 M.: R.: D.: Independencia No. 17 i esta le tributó
1298 676 1776 737 los honores masónicos.
1406 702 2309 765 Pémina” ruega al G.. A.: D.: U.: por el e-
1290 751 2315 829 terno descanso del recion fenecido i envía esta
1290 806 2013 874 nota de condolencia a sus deudos.
1372 855 2309 925 Compañera enferma.—A consecuencia de molestos
1298 919 2307 974 quebrantos de salud, guarda cama desde hace
1298 957 2309 1031 varios días nuestra querida rodactora Doña Con-
1292 1004 1698 1066 suelo M. de Prias.
1380 1021 2311 1098 Lamentamos profundamente la novedad de
1296 1082 2317 1159 la compañera,i rogamos a Dios porque pronto
1290 1133 1876 1208 se restablezca cabalmente.
1380 1184 2309 1261 Amable obsequio.—De manos de nuestro buen
1296 1239 2305 1302 amigo el Sr. Pepe G. Viñas, hemnos recibido el
1298 1294 2309 1349 obsequio de dos ejemplares de las bellas revistas.
1298 1339 2303 1386 capitaleñas «La Opinióne i eCuna de Américas,
1296 1384 2311 1441 de la edición dedicada a Baní. Este último es
1298 1423 2311 1480 un tesoro literario, diguo de conservarse por lo
1302 1468 1829 1529 jugosa ! bien presentada.
1388 1506 2311 1564 gelicitamos a sus directores i damos las
1304 1555 2298 1613 gracias al amable Sr. Vinas por su valioso obse-
1296 1609 1917 1668 quio que sabremos estimar.
1380 1645 2307 1723 Nueva colaboradora. —La Señora Doña Mercedes
1304 1696 2309 1770 Bobea de Legreaux, Institutriz Normal, exorna,
1304 1758 2305 1813 nuestras columnas con una espontánea i bien
1302 1804 2305 1866 inspirada cemposición intitulada «No me sigas
1296 1847 1490 1915 al mars.
1380 1866 2303 1939 Apesar de que se nota en ella un sello de a-
1296 1929 2305 1988 margura, es tan espontáneo su decir, que Pémi-
1296 1978 2309 2033 na no ha vacilado en publicarla, insinuándole
1298 2023 2303 2096 a que siga bebiendo en la consoladora fuente de
1296 2066 1651 2137 las bellas letras.
1386 2098 2309 2174 Correccion.—En nuestro Editotial de la edicion.
1304 2168 2305 2225 pasada, debe leerse sabemos en vez de sabremos,
1298 2209 2307 2264 como por error de imprenta aparece en la da, li-
1296 2258 1878 2315 nea antes del párrafo final.
1298 2282 2309 2368 Canges.—Pémina, siempre ansiosa de ver su mesa
1296 2356 2311 2409 de Redacoión exornada por todos los rotativos
1296 2398 2309 2445 nacionales i extrangeros, ¡en su afán de sentir
1302 2443 2311 2492 las pulsaciones que de modo indirecto en veces
1302 2486 2311 2545 le dan color ivariedad, se complace en acusar
1302 2529 2072 2603 recibo de estos canges que agradece:
1389 2566 2291 2625 «Nuevo Diarios, «Dios i Patria”, "Cuna de
1304 2605 2309 2670 América” ¡ "Panfilia”, de la Capital. “El Es-
1304 2658 2309 2713 fuerzo” i “La Conquista” de Barahona. La Demo-
1304 2709 2313 2758 cracia, de Puerto Plata. “Sangre Nueva” de La
1304 2748 2309 2803 Vega; "La Hora” de Azua, Ecos de Valle de Ba-
1304 2794 2315 2841 ni. “El Cable, de San Juan de la Maguana”i el
1302 2831 2311 2897 Boletín de esta ciudad, desde el día 9 de este
1302 2878 1408 2946 mes,
1390 2890 2315 2988 No sabemos a que atribuir la ausencia de
1302 2966 2311 3027 los demás voceros, sabiendo como saben, el pla-
1304 3017 2303 3066 cer con d. son recibidos enesta su casa, i cum¬
1302 3054 2311 3103 pliendo nosotras con este deber de compañeris-
1302 3101 1398 3160 mo.
