2479 3508
752 653 1728 718 FARIS DALAN
1146 713 1352 775 DE
623 1450 1842 1503 Artículos que se recomiendan por si Solos
453 1620 2012 1688 Traies. Faldas, Kimonas. Blusas. Batas. Abanicos,
600 1692 1874 1754 Sombrillas, Sombreros elegantísimos, Velos para la
597 1764 1871 1826 cara, Guantes, Cintas, Encaies, Bordados, Adornos
600 1835 1862 1900 de todas clases, Camisas de hilo españolas,
450 1907 2009 1975 Corsets. Pañuelos. Telas finas de Seda y Algodón.
719 2044 1740 2106 ORIETOS PARA REGALOS
868 2125 1570 2187 TODO NUEVO. PRIMOROSO.
877 2194 1573 2253 TODO CHICA TODO PRECIOSO.
722 2283 1725 2351 VENGA USTED Y LO VERA
331 2370 2107 2438 La es ros en los nos es es como es no se la no es es es es se es el mes en el
337 2698 1188 2757 cultura de la mujer, y defiende sus derechos.
337 2818 1122 2871 hombre ayudarla en tan nobles empeños.
922 2543 2113 2596 es el periódico femenino por excelencia. El visita los
346 2567 2116 2653 "Heraldo de la Mujer y hogares de las mujeres más cultas, y de los hombres
337 2644 2122 2709 más ilustrados. Toda puertorriqueña debe ser suscriptora del periódico que coadyuva a la
337 2758 2119 2826 Es deber de la muier moderna ilustrarse y vivir con su época y con su siglo. Y es deber del
1050 3080 1450 3133 Ayuntamiento de Madrid
