2479 3508
719 904 1748 971 ALLINAS
537 1155 1910 1220 De llltcios vala el el SCA
898 2364 1525 2426 Pidala Directamente
582 2585 1830 2650 Juana Diaz Drus company
447 2689 898 2751 JUANA DIAZ,
1462 2698 1964 2763 PUERTO RICO.
459 2038 1976 2112 pues de seguro no obtendrán el resultado satisfactorio que obtienen con la nues¬
453 2083 1976 2160 tra. Muchas CREMAS CITANEAS debido á los ingredientes que entran en su
453 2131 1964 2208 laboración HACEN SAL. VELLOS en el cutis, los cuales como es muy sabi¬
456 2182 1247 2244 do afean potablemente el rostro femenino.
632 1489 1982 1557 Debido al gran exito que hemos alcanzado con nuestra Pamada Cutánea
510 2283 1904 2357 Si su farmacéntico no tiene la Pomada 2ELITA
722 1907 1650 1972 Y Una LLLA
462 1531 1967 1605 ELITA en la curación de las pecas y manchas del cuis han emperado va a lan-
456 1582 1967 1655 zarse al mercado mucha IACIONES de muesto producto con nombres más
465 1629 1973 1703 menos supesivos, pero en beneficio de nuestra numeroso cientela nos apresura¬
459 1680 1973 1754 mos a advertirle que no acepta bajo ningún concento suros de nuestra
1044 3030 1447 3086 Ayuntamiento de Madrid
