2479 3508
689 662 1325 724 Compre en la bodega
838 737 1182 790 una lata de
600 832 886 882 LEVADURA
603 907 1376 972 EN POLVO HAPAL
883 999 1128 1049 la famosa
603 1044 1400 1103 Roval Baking Ponder americana.
731 1125 1283 1178 y pruebe la siguiente receta:
806 1185 1209 1243 TORTA DE CAFE
600 1235 853 1288 a razas de harina
1000 1238 1406 1297 encharadas de mantequila
609 1265 913 1318 amnas de sa¬
1027 1271 1183 1328 FILES
612 1292 970 1345 arenas de santa¬
997 1295 1182 1350 RE.
609 1325 1319 1381 SRTARA LA FORDER
609 1364 1513 1429 meniene y semanse los rente seos anadas la
609 1391 1519 1455 arre una manues la ner en eserne mana esa
609 1429 1513 1485 para macas na mujer aque sea que es una bre.
609 1456 1519 1518 Pa de mas que apara purado de una ma al¬
609 1483 1522 1548 mas que pre y pones erumnos as mar lamente
603 1513 853 1566 por de mamos.
874 1561 1244 1614 MEZCLA SUPERIOR
668 1597 1012 1655 cucharadas de harina
1050 1605 1388 1658 cuelarlos de ante
671 1629 994 1685 mara se en
1050 1635 1468 1694 las de mas una
606 1671 1519 1736 neral los ingrentes esos remecalos con la mantemina
615 1701 1519 1766 en la espesamente para mueranos a poneno a
606 1725 716 1784 LER.
609 1782 1603 1856 Esta es solo una de las muchas clases de tortas, bizcochos,
615 1820 1603 1888 manecios y paceles eres que promo y acamente pueden
609 1853 1600 1924 Haceres en las con la ayuda de la CONAL BARING
612 1889 818 1945 PONDER.
650 1994 1865 2065 El Manual Royal del Panadero y Pastelero, conteniendo muchas otras
647 2032 1862 2103 recaran de emiana por comes gracia a toda persona que nos mande su
644 2065 994 2127 Hombre y en
603 2155 1907 2232 Si la bodega donde Ua compra no vende la levadura en polvo Rosal
597 2194 1459 2262 escripanos y le diremos donde puede conseguiria.
758 2256 1743 2327 ROYAL BARING POWDER CO, New York, U. S. A.
426 2432 2077 2503 A YUDEA LOS NINOS PORRES
489 2522 2143 2590 Es necesario que en cada municipio de esta isla, se organice la sociedad filatropica
373 2555 2140 2629 EL ZAPATO DE LOS NINOS PORRES: Esta sociedad en trabajando desde hace
370 2606 2146 2674 varios años en San Juan, con tanto enito que podemos asegura que todos los riños pobres
373 2653 1373 2715 que asisten a las escuelas van debidamente calzados.
495 2698 2143 2760 No se necesita hacer sacrificios. Aceptamos hacer cualquier donativo por insignifi¬
364 2737 1379 2799 cante que sea. Mándelo hoy mi mo si nsted desen a
498 2782 1928 2847 Sra. María T. de Surez. F. O. Bor ina.—Sr. Emiliano las. Aduana.
489 2827 1149 2883 Sr. Juan Banista Soto La Torre.
501 2871 1713 2936 Este anuncio lo publica gas HERALDO DE LA MUJER
1955 2883 2092 2936 Advto
1047 3083 1453 3133 Ayuntamiento de Madrid
