2479 3508
1032 543 1433 596 HERALDO DE LA MUJER
1089 605 1364 658 las me¬
1516 889 1650 954 C.
867 907 1149 978 era
869 919 943 987 en
1224 922 1621 987 ante
626 1083 1543 1142 Quisiera ser hada, quisiera ser hada de los tiempos viejos
585 1119 1886 1184 an honras malentes prorecas y raras de hora que quina transtormar mi cuerpo
585 1164 1886 1220 a pobre una palma verde regiante de morabres rutos palancarme, y luego
588 1208 1758 1267 tener en es otras venerables puras, bajo en penacio el quido reseo.
588 1256 1510 1318 quiera er nada quiera ser nada de los empos vieos.
620 1346 1788 1411 Quisiera volverme heroico soldado y entrar en batalla vibrando el acero.
585 1391 1719 1449 arre las crines del real penso que pertos que del clarin atento.
591 1429 1886 1488 un para nerines plareando el arte de polvora armente siguiento un reguer
585 1474 1761 1533 porando ruroso sobre sus aciones aquel ue sus lomos oprime abenio
591 1519 1606 1578 mientes sene la escuela de para horadar sus inres sin miedo.
594 1561 1519 1626 quistera ser hada quiera se hada de los viempos vicios.
623 1653 1788 1718 Quisiera del tiempo salvando centurias vivir en los días de los galanteos
591 1698 1892 1763 y en mi amberes milado de pluma que el veno amoroso defina á sus besos
585 1743 1821 1799 ha ana rerciada mi negra ciona mis alas polanas mis ancios presescos
585 1788 1597 1850 tras la ppila bordada de pro mirar aburarse el rigido aceros.
591 1829 1889 1882 buscando amoras cruzar calcuelas en pos de aventuras lances don juaneros,
597 1871 1752 1930 vala enta ala muere escalar las rapias de algin pledos pacitos querio.
594 1919 1513 1978 bustera ser hada quiera ser hada de los tiempos vicios.
629 2012 1758 2068 Quisiera volverme con calzas de seda y guzla morisca, soñador trovero,
585 2050 1704 2106 añandole amores a la antelana ras la erosa de su grabe enero:
591 2092 1770 2151 bre a los ronos donde los julares quieren los orios de monaras necos
594 2140 1889 2199 y acen imperas presadas de repanto y bulas que esconden purales de huego.
594 2185 1525 2238 quiera ser hada quisiera ser mada de los tiempos velos.
626 2277 1898 2330 Por fin ser un astro, y en noche serena lanzar mis fulgores desde el firmamento,
591 2319 1818 2375 de al ver los hombres pequeños susanos mirar enrasiados a mi rono delico,
597 2361 1725 2426 y vo descenuiendo, mirarne estos, por una vidiera de arre portento.
597 2406 1815 2465 obre la cuna de un niño dormido de un uno dormido como un lio bello,
591 2444 1848 2503 pender un rayo de mi cabellera, que al quebrare fuerdo sobre aquel luego
597 2489 1895 2548 radiara en torno formandole un nimbo de fragante rosas y amorosos hes¬
594 2534 1507 2602 quisiera ser nada, quistera ser hada de los viempos vietos.
1421 2618 1785 2668 Ba Hija del Caribe.
1035 3083 1459 3133 Ayuntamiento de Madrid
