2479 3508
994 528 1400 578 HERALDO DE LA MUJER.
1979 534 2051 587 S
567 662 1710 715 FOTURA
582 937 853 996 puede detenerla.
910 976 1125 1029 Victor Hugo.
373 1065 1167 1121 El feminismo se impone. Aver Italia, y Estados
298 1113 835 1166 Unidos hacen justicia á la mujer.
370 1152 1158 1208 Hoy España. España, la que se tachaba de retro¬
292 1202 1167 1258 grada la que parecia domir el suero de los sielos....
376 1253 1164 1309 Y resuelta la legendaria España, a marchar por¬
292 1298 1161 1357 ma via de progreso posito concede el derecho de su¬
298 1343 1164 1402 frago sus mujeres, sin lucha cas por parte de estas:
298 1385 1167 1447 por un rego noble y humano de un gobierno perior¬
304 1429 1167 1494 pudente el cual considerando que actuar contra las
298 1474 1170 1533 orientes de la enen ena atraer el derrento más ca¬
304 1519 1167 1578 perlo sobre su nación tomo la via quella del progreso.
304 1558 1167 1626 prefriendo nuralor con al que suilarse en la ene¬
304 1608 1018 1667 rosa noche del engerresmo y la mulación.
385 1653 949 1709 pen por nuestra Male atorta.
379 1692 1173 1760 quien hubiera crello que en los Estados Unidos
307 1740 1179 1802 habria, tenido que hallar la mujer como herina para
307 1779 1167 1844 tener el rentamiento de s dereno, durante en¬
307 1823 1170 1888 cuenta años y en mamaña lo consiguiera en un minto:
376 1883 1167 1942 Lección hermosa que ha dado la patria genial de
307 1925 1170 1990 Ladel la Catolea, a la poderosa nación que se enoran¬
310 1973 1176 2035 no en hamare cuna de la Libertad y estandarte de la
313 2020 686 2076 penorra del mundo.
376 2068 1179 2127 ¿Y qué pensará de todo esto Puerto Rico Hija
304 2110 1176 2172 de remana, esta ala gentil, cuando esperibamos que
313 2155 1173 2220 tre el pormestandarte de toda la america Latina 10
310 2197 1170 2262 nos ha realado un solo, conmejo, que se econ¬
313 2244 1182 2306 de ente los macios de cañas de sus campos mundole¬
304 2286 1173 2348 al replandor que se dotra de sus dos metrones, la
307 2331 1182 2396 muria Espana y la moderna patria de malisten la
310 2373 1179 2438 lantente ante la en vante sus cinas progresita.
310 2418 1179 2480 pares muestra ila internada, como la cenizas del
313 2462 1173 2524 tento envuelta en la negra de sus penicios, y po¬
316 2507 1185 2569 lada por una generación masculio y femenina en su
310 2552 1188 2614 mavoria quena hila en este repeto del sigo y de la
319 2597 1179 2656 mas cristiana con todas sus aleraciones precios y
319 2638 1185 2703 precipaciones que la ya ueno se hundieron en la vo¬
316 2683 1179 2745 en sombra de los esa ilo. de las cuales, miel
316 2725 1188 2790 puertos queran conservar los hombres humanos y po¬
322 2779 737 2838 guistas de mura....
391 2815 1191 2874 pien nos dijo con profundo dolor de su alma Maroz
319 2856 1197 2918 muen en la lina carta que nos acrios pesena¬
1188 787 2063 849 ñese, doña Ana, la mujer de nuestra infortunada tierra
1194 832 2065 894 en estículo mor mara el reconocimiento de sus de¬
1203 874 2063 939 ralos Esta inbrilla en prejuicios maestras nos
1200 922 2068 981 umbrado al deprimente estado de utoriorida en que
1194 958 1874 1026 la rudo su protesta tantos salo.
1277 1008 2065 1061 Y analiosa y no las por so no se la cuenta de
1200 1053 2068 1115 que el mundo todo honra en humanano, y la mujer
1200 1095 2065 1154 a pobrando en personalidad cita en todos los pue¬
1212 1149 1465 1202 los de la tiera
1271 1196 2065 1258 Siendo su actuación en las sociedades como la auro¬
1206 1241 2071 1303 ra brillante de un hermos día, donde las negruras del
1206 1283 2068 1345 altaberano. de la grandan desalida de ampo¬
1206 1331 2071 1393 mismo erminar de la trata de blancas de la injusta
1206 1373 2074 1435 culonación de la mujer y el nino, del algobolsmo, del
1209 1420 2071 1476 nero y de los vicios mos lasas de la humanidad.
1215 1465 2077 1524 tan señas alenarios con el corazón magninimo de la
1206 1504 2074 1569 mujer, que no va a las camara actuar en porealo
1218 1549 2074 1614 ponto solamente, sino asiosa de prepara na mundo
1206 1597 2077 1655 mejor ma sociedad mis derrado en la que han de mu¬
1212 1644 1579 1700 los hijos de su consan¬
1277 1704 2080 1763 Por que la mujer es madre en todos los momentos
1212 1752 2077 1808 de su vial y cuando va a las Camaras a legialar, va
1218 1794 2074 1850 imprendo en der uno de madre, del modo más es¬
1215 1838 2077 1891 alo la mulo más enca, sin que cuando alimenta.
1212 1880 2077 1939 nina y enen á a lo en el hogar pues entonos si¬
1215 1922 2080 1981 inción es más amnia trabajas por todos los hijos de
1212 1967 2083 2029 la ciedad, cuyas madres le dieron en voto y la mom¬
1215 2012 2083 2068 braron su representante en la muena namulas del po¬
1212 2059 1973 2115 pero del premo, por el pueblo, y para el pueblo.
1283 2116 2086 2172 Las antifeministas, estánefaltando á su deber y a la
1221 2158 2083 2217 les de Dios, que mana al hombre prender en be¬
1218 2203 2080 2262 nestar y a en felicidad por todos los medios licitos y
1218 2247 1961 2306 honrados que resilen eneres para consenirlo.
1289 2301 2086 2363 Y pensar que todos los pueblos de la tierra en don¬
1218 2346 2086 2408 de el sembrador la regado la emila fecunda de un
1230 2394 2083 2456 poeres postro, más humano, mis ceninime y altruis¬
1221 2435 2086 2497 ta, San despertanto llenos de entusiasmos llenos de es
1227 2480 2089 2539 prita uno que en lencias de fugo sicon los
1233 2528 2036 2590 primeros cristianos en los cimientos de nuestra ena.
1259 2579 2086 2638 Y comprendiendo que esa aurora refulgente anun¬
1227 2627 2092 2688 en el celendor de un nuevo día, que nos acerca más
1224 2671 2092 2730 y más a nuestro perfeccionamiento moral, se levanta¬
1224 2713 2089 2775 cios a cumpir el deber sagrado que las impone y
1227 2755 2092 2820 enala la mano de pierno pues la nemo la hora de
1227 2803 2095 2859 todas las ruinaenciones y Puerto Rico esta ila, que
1224 2844 2086 2906 siempre demotro ser progresita que siempre la per¬
1041 3077 1447 3130 Ayuntamiento de Madrid
