2479 3508
1015 546 1462 599 HERALDO DE LA MUJER.
603 701 1848 751 LA MUE LA
432 820 1236 876 Tal vez no hay una entre todas las mujeres de Eu¬
361 868 1230 921 ropa, á las consigramos decie al punto de vista gene
358 913 1224 966 rios que en tan mujer como la francesa pata lo e
367 958 1230 1011 princinamente no por en belleza, que no supera a las
358 999 1227 1052 de las otras penulas menternes a los rubias y de
364 1044 1221 1097 radas artas de alusión o a los suestras placas y he¬
358 1089 1224 1139 mios, sino porque el encanto de gracia que tiene la mujer
361 1134 731 1187 rases de insuperle¬
435 1176 1230 1232 Este encanto no depende solo de en esbelta figura,
358 1220 1227 1276 n del me y elerana con que se unte ni de en lenena,
358 1262 1230 1318 tan Recible ene es pues, como gela oriental a todas las
364 1307 1227 1360 oras de la conteración no el encanto principal de
361 1352 1227 1405 la francon el en en alma, que es de por apasionada
361 1394 1224 1455 y uena, y usa y necesita de la simpata, agna como
358 1438 815 1494 las dores de los pato del el
435 1483 1230 1533 Esto es lo que caracterina a la francesa su atitud
352 1525 1227 1578 cencional para la vida de sociedad, su necesidad de
364 1570 1227 1623 mor y en amada, s amación a todos los los de
358 1614 1227 1667 hombre conre los que suerpone en entriun temenino,
358 1653 1227 1709 con tanto, gracia, tanto y derresión, que siempre pares
358 1701 1224 1754 minada por el nombre siendo ella quien lo domina y
361 1746 806 1799 cadena con los de hores.
429 1788 1230 1841 En esta guerra horrible que ahora termina, el prin¬
358 1832 1227 1882 cipal lugar de los combates fue prancia, y bien rientes
367 1874 1227 1930 tan los acterimientos para que tengamos necesidad
364 1919 1227 1972 le ponderar el hereno que esas frales aguritos ador¬
364 1994 1236 2044 marcido como los igraeltas en el cautiverio como los
373 2035 1227 2088 plos en la alavina embebida en el idea de retan¬
358 2080 1233 2130 in y adorando de pilas la surela de su bandera
364 2125 1224 2178 ni, a lo que una con amor intos e inco y
352 2167 1227 2220 sin embargo, que Puerto Rico que pareta, tan adelan¬
358 2212 1230 2262 lado elemente e muestra ahora un pueblo quen¬
364 2253 1224 2306 musta y perogrado que se parte, remper el re¬
364 2301 1221 2351 lo quino consando por pos mismo al hacerlos hu¬
358 2346 1224 2396 minas de as mares de se espos de las li¬
367 2391 606 2447 las de en alma.
438 2438 919 2491 Y no para aquí su aberración.
435 2489 1227 2548 Qué será de nuestra isla primorosa cuando el ful¬
361 2534 1233 2590 guar de todos los países que han oledecido al mandato
364 2579 1227 2629 de la culación los destumbre y le envuelto en su
367 2621 1230 2677 nera, como el punto obrio de arren haciendo
367 2662 1233 2724 pandan con Turana y algunas otras tribos del Arica?
438 2716 1227 2775 ¿Qué se teme en nuestro país Que las clases anal¬
361 2758 1224 2814 aletas bomen fuera en nuestras acinciones plumas:
435 2803 1230 2856 Po es al de esta vendo á las una TODAS
358 2847 1224 2900 las mujeres educadas sin ustinción de clases ni de por¬
1265 820 2131 876 nadas como lindas muñecas, demostraron en la larga lu¬
1265 865 2125 921 la Para algunos, el aguerto cular de la mujer
1265 907 2134 963 Francesa desaprecio y quede majestuosa y bella como
1265 949 2128 1008 las mujeres de otras razas en ella en sus bos de
1268 993 2140 1052 vida y en su manto pero de solada madre que de
1259 1047 1698 1097 la muia todos sus hijos.
1331 1083 2128 1139 La Cruz Roja francesa, si no sobrepio, por que esto
1265 1131 2131 1184 no era posible en lo humano, a la Cruz hoja, americana
1259 1173 2131 1226 meles lero con ella tanto heroismo coletro tanto
1265 1214 2128 1270 alos personal ante el serincio angnimo que se revol¬
1268 1259 2137 1315 ción del alma de la rein la sido la mayor prorosa.
1268 1301 2125 1360 le la guerra, Pero bajo el unitorne de la enfermen¬
1268 1349 2131 1408 y bajo el vestado de los continada alentando el alma
1268 1394 1994 1452 graciosamente eductora de la mujer frances.
1340 1432 2131 1491 No bastana retañar heridos i atender a los ma¬
1265 1477 2131 1533 los en los sutorios era necesario levar a los campa¬
1265 1522 2131 1578 mentos, a las trineleras toda el alma de aquellos muje¬
1268 1564 2137 1623 re enamoradas no encuento otra millonal, enamora¬
1268 1608 2137 1661 la renito, en mas del ejercio frances en mas del se¬
1265 1650 2128 1706 constitue lo que al de lame las Madrinas y enda sal¬
1265 1698 2134 1754 dado to una mujer que se ocupo de el sin sin cono¬
1265 1740 2128 1793 ente que le escribia cartas teme, a le enviala pue¬
1265 1788 2131 1838 Es conteniendo dules y los y que praba particular¬
1262 1832 2134 1882 mente para el se la circunstancias nacian posible una
1271 1874 2137 1927 luencia, el cuado acudia, conocer a su ignorada bien¬
1271 1919 2137 1972 hechora o hanse formando los de simpatia que más
1265 1991 1361 2047 tidos.
1340 2035 2131 2088 O restriniase el voto como medida de estirpar el
1262 2086 2134 2139 analfabetismo. Se teme, dicen, á las mujeres católicas.
1265 2131 2131 2187 que tiene que ver los la religión con la poluca: No
1265 2176 1830 2226 en cabios también los hombres:
1334 2226 2134 2279 Serán menos patriotas las portorriqueñas que las
1271 2271 2137 2324 mis mujeres del mundo, cuando en la gran guerra
1274 2316 2128 2366 fueron hasta las luquesas y prinesas mar la ner y
1265 2358 2134 2411 confundirse con los solados levando a lo los oncios
1271 2403 1815 2456 mis humildes y los más varonios:
1340 2447 2125 2497 No deplorarán algún da que tros paisanos, el ha¬
1265 2492 2143 2542 per tenido la desgracia de macer en un país dormido para
1268 2534 2134 2584 progreso, y refractario a todo lo que es de justicia en
1265 2576 1465 2632 de sentido?
1343 2621 2131 2677 ¡Qué solos se quedan los muertos Así va a quedar
1268 2665 2137 2718 Puerto mos ante el concierto de los pueblos que mar¬
1265 2710 1564 2760 han con su empea¬
1343 2752 2134 2808 Y que insignificantes y ridículos resultan los pue¬
1265 2800 1662 2853 blos estacionados.
1695 2850 2068 2906 Ana Roqué de Dupren.
1044 3083 1456 3133 Ayuntamiento de Madrid
