2479 3508
955 543 1385 593 HERALDO DE LA MUJER.
567 662 662 721 F
707 677 1194 733 El ROble
1238 677 1606 727 FIOTIO
597 829 1152 882 A Don Francisco Vincenta, que
567 871 1152 921 agon una la belleza de los verio¬
570 919 791 969 los tenicas.
352 993 1137 1046 En el misterio de la noche, bajo la frescura del ro¬
277 1038 1149 1091 so el ronte que esta Rente a mi ventana abrio se dores
274 1083 1152 1136 por de rosa y los lo he vista de sabio que mi como
274 1131 829 1181 una iluminión de que amona.
361 1170 1152 1229 Al principio de creido que el milagro se había he¬
283 1214 1143 1267 lo para mi sola para mis cios quilos de una y natura.
283 1262 361 1315 llena.
352 1307 1155 1360 Muy pronto comprendí mi error. Los insectos y
283 1352 1006 1402 los pajaros tambin gozan del progio.
364 1399 1158 1452 Negros coleónteros apuran la miel de los netarios
283 1441 1158 1497 que peñersamente las brindan las nores marimos
280 1486 1146 1539 marilas peson las corolas continuiendo si alas en
286 1531 1158 1584 los penosa y un palaro unito, que vio de lejos la
280 1576 1146 1629 Resta, desde lo alto del ramaje la celebra con preros aca¬
277 1623 600 1676 las de tios.
361 1662 1158 1718 Los coleónteros destacan su negrura sobre el rosa
292 1704 1155 1760 pido de los orolas como grabache, que relumbraran
280 1752 1152 1805 en las mariosas amarillas vuelan inquietas sin saber
283 1794 1158 1847 donde pone y el poble, bajo el al limpio de los
283 1862 1152 1915 adelante, cuando sobrevenía la dolorosa mutilación im-
289 1904 1158 1960 puesta, por las cruelos peridos hacían que aquellas mu¬
286 1946 1158 2005 jeres, ya interesadas por aquellos hombres que emo¬
283 1991 1149 2044 cron fuertes y unos estuosa dispuestas a suri¬
289 2032 1155 2091 Ren sus tracia inventes para alenar el hogar del
286 2083 561 2136 llado invalado.
358 2119 1155 2178 Esto es lo que podemos llamar la poesía de la gue¬
295 2170 1155 2223 me esto es incomprensible y sin embargo lo lusto,
286 2209 1155 2268 dentro de carictor de la mujer trances, veso es la mu¬
289 2256 1119 2312 la formado la invencible retagnarina de sus ejercios.
358 2298 1155 2354 El plando no tenta clamente delante de se al jer¬
298 2343 1158 2399 mionoroso ni al compañero entusiasta encia detrás
292 2385 1158 2447 en pudiera dene en s mismo la ingente confama¬
286 2432 1158 2488 de la victoria de aquellas matrinas que no entenien de
292 2474 1155 2530 histos que ignoraban los leves de la estrateria, pro¬
286 2516 1158 2578 que con el calor de sus corazones cientaban los campa¬
292 2561 1152 2620 mentos helados al hogar las cartas y al conmue¬
286 2606 1161 2665 salos uno a otros ellos bien concientes de la fuera
286 2653 1158 2706 del enemigo, serían mistemente me la confama de
289 2698 1164 2754 los que hablaban de quilio de pios, de moder de la
298 2737 1158 2802 justicia del valor de los pelos hermosos para oponerse
286 2782 1161 2838 la metrala. de todo lo que en la guerra atu¬
286 2833 1155 2883 se consideraba inútil y vano ante la fuerza de cañones y
286 2877 465 2930 bavonetas.
1185 823 2057 876 cielos y las ondas del aire, se estremece constelado de
1191 871 1540 924 remos precios....
1253 910 2060 966 De ven en cuando, una de las flores, después de
1188 952 2054 1008 haber dado mia y encanto a mis ojos e depende del
1194 996 2054 1055 pedinculo silenciosamente como un reperio que se
1191 1050 1391 1100 quida....
1259 1086 2060 1142 A ella siguen otras y otras, que alfombran en una
1191 1128 2054 1187 caricia suprena los pies de árbol madre. Sus hermanos
1188 1173 2057 1229 no las ven decender los insetos y los palaros tamen¬
1197 1223 1576 1276 la festa continúa....
1262 1262 2054 1315 Y he deseado para mi alma la serenidad impertur¬
1191 1310 2057 1360 hable de cons ores que en la inconciencia de sus vida,
1197 1349 2057 1408 justran mo de los más bellos presentos de la moria
1194 1391 2057 1449 basta compartir los pienes materiales abrir los ne¬
1194 1435 2057 1494 tarios quirituales por todos y para blos sin cuer¬
1194 1480 2060 1536 más recompensa que la santa alegría de dar ilumi¬
1188 1531 1397 1584 mano.
1271 1570 2060 1629 Si todos alcanzáramos esa cumbre de perfección
1194 1611 2060 1670 Amanera la en de eterna piensentirana en donde
1194 1656 2063 1712 cada vida entria, la senciller sublime de una vida de
1701 1746 1994 1799 Concha Meléndez.
1194 1794 1498 1847 Puerto Rico 1919.
1265 1856 2065 1909 Y todo se realizo las francesas, que ignoraban los
1197 1898 2063 1954 seretos de la ciencia, pero que con sus quiles palabras.
1194 1943 2063 1996 dentaban á los derenores de la patria, pueden deci¬
1200 1991 2060 2044 que han contimido enormemente al trimo definitivo,
1262 2032 2063 2085 ina de estas en la que pensaba preferentemente al
1194 2071 2060 2130 tuar estas inene es Muje quente Manueron ella per¬
1194 2116 2060 2172 no a prometido en una acción en cumpagne el
1194 2161 2068 2217 de uno de long, y al año sientente, a lar que en
1194 2206 2065 2262 aquella misma acción habio encontrado eloriosamente
1194 2253 2063 2303 la muere el sulado volutaro y poeta, meren alan¬
1194 2295 2063 2345 Segor como lomenaje al muerio tadujo ella a mos
1200 2340 2063 2393 fuera las poetas el maro y los cartas á su madrina.
1194 2385 2063 2435 que el padre de Alan derrer sababa de publicar en
1197 2427 1370 2482 Ner por¬
1268 2468 2065 2524 Ciertamente, si Mlle. Matheron hubiese sido la no¬
1200 2513 2063 2566 ria de herito sollado americano, este alo sería mis¬
1194 2558 2057 2611 comprensible y entraria, en la general estoloria eme¬
1200 2606 2065 2659 mina, pero ella busca con en lomente corresponder a
1200 2647 2068 2700 os solados de Ameros que vineron a audar a Ha¬
1200 2692 2068 2748 la y que murieron merelando sus cuerpos con los de los
1203 2737 2071 2790 piados fanos he aquí el verallero ambolo de
1197 2782 1761 2835 esta acción al parecer insignincante.
1597 2865 2015 2918 Carmela Eulate Sanjurjo.
1038 3077 1450 3130 Ayuntamiento de Madrid
