2479 3508
1050 573 1444 631 HERALDO DE LA MUJER.
707 716 1782 796 La muici ue sigio veinte
1358 796 1734 855 POR CARLOTA MENDEZ.
394 961 1236 1026 nendo la muertad de las naciones que no hentos tenido
394 1002 1241 1067 aten ma par que aún en los mujer mue tener la R.
403 1047 1244 1112 entan como uniones se en ellerinamente en
409 1086 1244 1157 malabras en los derechos de la mitan de ser
406 1149 537 1199 humano.
471 1176 1244 1241 Desde tiempo inmemorial, siglos y siglos atrás, la
406 1220 1244 1282 mujer es omplemente encada en el mundo activa.
406 1259 1247 1318 partenesta, por completo al hombre y tenta que hene
406 1301 1247 1369 ente mabin pan el embrar sus repetales y que¬
406 1361 623 1411 mur en esa
486 1391 1250 1452 Pasaron los años, y, mejorando su modo de vivir,
412 1432 1250 1497 hombre no haestria ya del trabajo de en ema.
412 1474 1247 1536 Renta ahora ellos y la mujer vino es arcito de
417 1519 1253 1581 bajo Para ella la vida en una larga muna enien¬
414 1561 1250 1626 le unos ignales pasados en su rica, pero los misión.
420 1603 1259 1667 en del mundo elo concia la vida bajo la falta uno
412 1653 853 1709 esta los del mundo elesante.
477 1686 1253 1751 Los solo e suesfien, vimieron a la vida me¬
412 1728 1259 1793 yas ciones la los de la libertad emperba peretra¬
417 1770 1262 1835 los más apartados rinones y los hombres del mundo
420 1817 1265 1879 mero detentran es ereno y al esto de uncia.
417 1853 1268 1924 la mujer deperto relamar su heregida mie de la
426 1913 677 1966 bertad y majo¬
498 1940 1262 2008 El hombre le negó los derechos que el mismo anhe¬
420 1985 1271 2050 una pero en ya tarde la mujer habia emperado
426 2023 1265 2094 llenores y penala mganable mario aneme¬
423 2065 1268 2136 La sociedan ensuraba en anuncia las muerido el
426 2110 1271 2178 penos adminios sin embargo, habla des¬
429 2161 1035 2214 alar en camino o abre un en
501 2197 1274 2259 Pue entonces en lado, que miraben platren
423 2238 1268 2306 sombre a los enteras americanos en la petición de se¬
426 2280 1274 2348 anta, como eratante de mencima de en el uno
432 2325 1268 2390 de mujer que se neasta y una fue la fuera que lo
426 2367 1274 2435 sur los puertas de lores que los selos habían puesto
423 2409 1280 2477 entre la mujer y pupor las de una en mielos
414 2453 1274 2518 pleros quieta negramente en matores que¬
429 2495 1271 2560 siones quedo sin pensa, pero no demano, y mu¬
435 2540 1280 2605 mente un peneno elegio del estado de una vol¬
432 2576 1280 2647 mento su proposcon de rado cono primera des¬
435 2638 516 2691 N
510 2662 1283 2730 A pesar de la opinión pública, muchas siguieron
441 2707 1286 2775 en ellos quicios y universidades unos primero y
441 2749 1289 2817 Los más tan presion sus puertas y la mujer alen¬
444 2791 1298 2862 aba en ellos la muna espación que el hombre. No
441 2833 1295 2903 lamente doctoras, sino aburados dentistas, enferme¬
468 892 2113 981 Hemos estado durante tan largo tiempo defen ras y mujeres de negocio empezaron a entrar en el
1280 937 2113 1014 mundo competir con los hombres y ayudalos a prepa¬
1277 993 1621 1052 mar la sociedad futura.
1343 1020 2125 1094 A principios del siglo veinte, el movimiento femi¬
1280 1062 2122 1142 nsta bogresis rabiente la nuestros remos la
1283 1107 2128 1181 mujer la penerado todos los amos de acción la
1286 1149 2009 1223 puertos e han abrero, y tima en todas pue¬
1352 1191 2125 1264 Pate ha dado por mia Sural perlar la me¬
1286 1229 2125 1309 natura la podido hovelistas y metias y la ciones
1283 1277 2119 1351 la progresado considerablemente bajo el sante, per¬
1286 1325 2036 1396 que impulo de la fuerte mujer al el vente
1355 1373 2113 1438 a a alcanue están también los euros públicos.
1292 1405 2128 1482 no se le la dado el dereno de vor de hacer en
1286 1447 2131 1524 nemos los que tiene me mujer el alelanto la silo
1289 1492 2137 1566 tan grante que es muile der de mino. La
1295 1531 2128 1608 al puer es muelo mejor los ninos en más pur¬
1289 1576 2140 1650 los las escuelas más modernas y los hospinales y elvelos
1289 1620 2140 1691 mejor enidados, todo un casio mas reducido de nues¬
1304 1662 2140 1739 porque las mujeres ones y e intean más en las
1295 1707 2051 1781 necesidades de la muez, la pobrera y la decria.
1361 1746 2137 1820 La luención ha dado en fruto, y en la merna re¬
1295 1791 2146 1862 ciente mientras los hombres luchaban por la lueras
1301 1835 2143 1906 las mujeres aludando puere aliendolo tono por la
1307 1874 2146 1951 lealtad y el amor tomaron sus puestos en pacinas y al¬
1301 1916 2143 1993 picas praninon como nunca lo habían hecho ha¬
1301 1964 2146 2032 ento lo que se consideraba fuera del altante de se¬
1307 2003 2167 2076 neras feras y mentalos signiendo el trabajo que los
1307 2044 2149 2118 hombres habias endo que asuntonar y a buscani¬
1307 2086 2146 2163 un pos de eno para trabajar con la cruz moja, cul¬
1316 2134 2152 2202 tar ma horata y conominar un gentaro para los
1313 2194 1659 2247 hombres que luchaban.
1379 2241 2155 2309 No trabajaba la mujer en su pueblo solamente; sus
1316 2283 2155 2354 servicios se siendian hasta la ines de peso bra ella
1316 2325 2155 2399 contrapeso de alemana, todo el atan del Rujer
1313 2367 2152 2438 sa hacer la guerra superienta y lecibles por el conta¬
1313 2406 2152 2480 jo, la mujer concentraba, todos sus esfueras por amino¬
1319 2450 2158 2524 por los sufrimientos pajo el turo más esimo y los
1325 2495 2158 2569 pues me venenosos ila audar á los heridos, nacia
1325 2537 2158 2608 que los hapitales pacia, el hogar levano y por¬
1322 2582 2164 2650 mala un lato de desano y queron nuto inere
1331 2624 2137 2694 por la vida á los estentados los de las trinciera
1388 2686 2173 2754 La guerra ha llegado á su fin y nos es posible una
1325 2725 2164 2799 en mis arrier la vien hacia la justicia, en nuestra po¬
1328 2770 2170 2841 ria, ha mustras manos esta ahora continar la labor¬
1325 2815 2164 2886 de tantos mujeres verdaderas. Con gran esfuero hu¬
1044 3045 1450 3098 Ayuntamiento de Madrid
