2479 3508
955 552 1382 605 HERALDO DE LA MUJER.
591 683 1740 748 elecciones por Ateme
346 958 1149 1017 La levenda de Smiles: "Hallo un camino o me lo
274 1002 1149 1061 apro puede erir de lason dematro al hombre de
283 1047 1146 1106 trabajo y de impen, que en el vir mitado que¬
280 1089 1155 1151 abrirse quelos caminos que sola en la pos hasta
280 1137 1149 1193 que la en mi metros o para la maña del interes
286 1185 871 1235 y la muina que se oponen á su pas.
352 1223 1152 1282 Duror es el verto mágico de todos los grandes ha¬
280 1265 1146 1327 celos humanos es la palabra motor de los fueladores:
280 1307 1152 1372 de los que viven la vida intensamente de los que ponen
277 1355 1152 1414 lo e imento y lejos el proposito de los que arrojan
280 1397 1146 1458 en destino con un ego, a la muiar mera entando
277 1441 486 1497 en mismo.
358 1498 650 1548 ¡Struqale for life!
358 1614 1152 1670 Dichosa cualidad es la simpatía! Es la facultad
274 1656 1149 1715 de agrador verdader don del Espirin Santo, entre
274 1698 1149 1760 todos leno de bendición, realo el más preciado que el
274 1743 1143 1802 lada madrina puede deposita sobre la cuna de un mor¬
274 1788 1095 1844 tal a la de vivir entre el mue de la muelalumbre
358 1832 1149 1891 Ha verdaderos espiritos intados dotados del
274 1880 594 1930 poder de atrucción
346 1928 1149 1987 La sonrisa, la voz, el ademán, tienen como en la
274 1970 1152 2029 estrota de alter senta el esencio de plata, que
280 2018 1149 2073 que silver into que va engarando voluntados y vida
1188 967 2057 1029 ccon cadenas de afecto, más duradero y sólido que el del
1191 1014 1319 1064 interes.
1259 1101 2063 1157 La suerte es el pseudónimo que los holgazanes uti¬
1194 1143 2057 1202 tan para famar las obras del areno trabajo fecundo y
1188 1185 2060 1246 rictorioso de los grandes habandores que han gunado
1191 1232 1352 1282 y pura.
1262 1277 2054 1330 Los inertes de ánimo desmayado, brazo caído cere¬
1188 1319 2054 1375 bo vacio calican al hombre que tiene esio, de non¬
1188 1361 1430 1417 be de uerte.
1259 1405 2057 1464 No saben que nada se gana sin esfuerzo, que el
1191 1450 2054 1509 cito no es dadina de pesión, ni meren de la via:
1182 1501 1779 1551 que todos los entos son conquistas
1253 1585 2054 1638 Los superficiales y los mezquinos, solo ven en los
1194 1626 2054 1682 personaje a posición, el punto estero de la mu¬
1188 1671 2054 1724 encia, la ampición como quico morte de su vida le¬
1194 1719 2057 1772 gar para procurarse la vanidad de porar sentamientos.
1185 1761 1397 1811 indencias.
1262 1806 2051 1856 Pobres gentes no ven ni la inteligencia, ni el
1182 1844 2054 1903 esfuero, ni el empo que se dedican al erficio publico.
1182 1886 2054 1948 Perosos costas calumniadores pasos censurables.
1188 1937 2048 1987 que ededican a la piadosa tare de la arramación, ha¬
1188 1979 2051 2038 ciendo alarle de perpicacia, de fino entrin entico y
1194 2020 1851 2079 de puntanimo que de todo de esandara.
274 2167 1146 2226 chando en contra de las arraigadas costumbres de mu¬
277 2212 1146 2268 los sielos han seguido adelante casi hasta el ma se¬
274 2259 1143 2318 remos nosotras desde donde ellos han legado y
280 2298 1146 2357 muerenos el alumo ellanon de la cadena que ta y la
274 2343 1143 2399 mujer o detaremos la labor de tantos años ruiree
286 2388 382 2444 plo:
349 2432 1146 2488 Ellos nos han mostrado el camino, y nos han abier¬
274 2474 1149 2530 to la entada. Por que esperar inacias mujeres del
268 2519 474 2569 solo vente;
352 2564 1146 2620 No es justo que mientras feministas de altos idea¬
277 2609 1146 2665 le se esfuerzan cuanto pueden para hacer muestra causa
280 2656 1143 2706 progresar alguna de nosotras queremos ociosas no
271 2698 1152 2754 tabajan ellas Somos o no mujeres: Mujeres hemos
268 2740 1149 2796 cio, y la mujer que no auda en este movimiento no
274 2782 1143 2841 mere de nombre vivimos en el elo vente, por¬
280 2830 1143 2886 me permitar que el pes caga sobre hombres atros.
277 2874 791 2927 cundo el trunto sera de todos:
1256 2173 2054 2229 La actividad, sólo ella nos dará justicia. Los hom¬
1182 2218 2054 2274 pres reconocerán nuestro triunto cuando demostremos
1185 2259 1468 2315 nuestra habilidad.
1259 2304 2057 2360 Mujeres del presente, madres portorriqueñas, hacen
1188 2346 2051 2405 estra parte quel vuestras hijas mostrados el
1182 2394 2051 2447 mundo y deschad de una ver las vienas y pa gastadas
1182 2435 2048 2491 costumbres sociales, Mientras más libres can vuestras
1188 2480 2051 2536 ras, mejor aprenerin a cuidare de la misma y
1185 2522 2051 2578 ducar á sus hijos, y es vuestro deber dar al mundo mu¬
1194 2573 1447 2623 eros verdaderas.
1256 2615 2054 2668 La labor está ya en nuestras manos. Sigamos
1182 2656 2054 2712 adelante la vietoria del presente obre quiene cuna
1182 2701 2042 2757 la gloria del impulo, sin que conará a tantos ta¬
1182 2746 2051 2799 bajos, Mujeres del selo vinte, no podes perincer
1182 2788 2048 2844 piosas actuna, acuna ahora y mereceres el hono¬
1182 2836 2048 2889 le en lamados verdaderas mujeres del sielo de la igual¬
1185 2877 1471 2930 dad y la justicia!
1346 841 1904 903 Pensamientos de Santander.
1038 3077 1453 3127 Ayuntamiento de Madrid
