2479 3508
417 570 492 628 ro
1092 561 1498 611 HERALDO DE LA MUJER
1292 665 1898 715 Y LAS FLORES
692 665 1259 718 LAS MUERES
489 1011 1110 1061 ¡Oh rosas ¡Oh jazmines perfumados
489 1056 1206 1106 on las violetas, entn bellos mis.
483 1095 1277 1148 constite vosotra el encanto de la vida en her¬
406 1140 1274 1193 mosas lores que sin cuidado de la eustencia os neces
414 1182 1280 1238 manos en vuestros decile talos cariciadas por la
412 1226 1030 1279 que y perimada bien de amanecer.
480 1274 1283 1330 que prina misterios, esistina en vuestros suaves
412 1316 1277 1369 terioplacios pelos, que tanto impresiona vuestro
414 1361 913 1414 contacios al corazón de la mujer
483 1399 1277 1452 Sos ma verdad que el sentimiento de lo bello es
412 1447 1277 1500 mato en nuestra alma una alguna mujer en el
412 1489 892 1545 mundo que no me las dos:
483 1531 1280 1587 En la mañana de la vila todo sonrte en torno nues¬
412 1579 1280 1632 ro el cielo mos mae más al los campos más rentes.
412 1623 1283 1673 en brilla con más intensidad en a morado espacio¬
414 1662 1271 1715 la ima, es melancia lada de la muje se nos pre¬
414 1707 1283 1760 la picada de quismos misterios el que tiene armo¬
412 1752 1286 1808 nas y rumores deconocidos y los solencios olores
420 1794 1286 1850 de las dores nos hablan de felicidad de amor de pasión
417 1844 641 1897 nenta.
483 1883 1280 1939 Es la lira de la juventud que canta en nuestro vo¬
412 1931 1056 1981 intero los hemosos madrigales del ruir.
486 1970 1289 2026 Mas se arentis de belleras que brilla un punto
412 2015 1277 2068 me nuestros ojos al en a los umbrales de la quen¬
417 2059 1280 2112 ha sesde la caridad y la quietud de desencanto.
489 2098 1280 2154 Todo pasa en la vida, La mujer perde sus belle¬
412 2146 976 2202 nas y las dores su delicada esencia.
498 2188 1277 2241 rodo se marchita, todo muere o se trastorma por¬
1313 1005 2176 1058 la ley ineludible del destino; y lo que ha sido, no es. Y
1313 1053 1815 1103 lo que es, promo lina de se¬
1388 1089 2185 1151 Los coces el amor, el dolor y los placeres, todo es
1313 1137 2182 1190 men todo curre tarde en el espacio, y cumple el cielo
1319 1182 2191 1235 le en enistencia, impuesta por la los divina que pruena
1319 1223 2182 1279 tambien a las mujeres y a las nores marchar a prisa a
1319 1271 1740 1324 realizar su erimera misión.
1388 1313 2185 1372 As la juventa de la mujer es fugar como la vida
1316 1358 2182 1411 de ma dor Es brillante meteoro que con los misma
1313 1397 2182 1452 llena un punto en el conso, para despares presto
1313 1447 1686 1497 en el mundo de olvido.
1388 1486 2191 1542 pielosa la mujer que al declinar su vida, deja tras
1313 1531 2185 1587 s cual etela luminosa, el recuerdo de se virtudes y de
1322 1576 2077 1632 sus buenas acciones o los dostellos de su biento.
1391 1620 2071 1673 para el abre as puertas la inmortalidad.
1391 1659 2185 1715 pues sus actuaciones en la vida la harán digna de
1319 1704 2182 1763 la veneración y el cuino de los generaciones que la
1313 1755 1453 1808 em¬
1385 1794 2185 1850 Por eso la mujer no debe aspirar a poseer la belleza
1319 1838 2179 1897 predera de la rosa y la garlemia, que mueren al de¬
1313 1880 2182 1936 mar la tarde sino datar de adorir las virtudes de
1322 1922 2185 1984 la eterna siemperiva, que aunque modeta, sabe reisu
1316 1970 1934 2023 los embates de tiempo y los ciales.
1394 2020 2185 2073 La virtud y el talento son flores inmortales, llenad¬
1319 2059 2188 2115 vuestro puerto de esas hores y vues con la posteri¬
1319 2113 1546 2166 dad.
1997 2182 2116 2235 ELSA.
492 2367 1286 2420 En España continúan editándose día por día, las
412 2412 904 2465 obras del ilustre portoriqueño.
486 2462 1286 2515 La Editorial América sociedad general española
420 2504 1280 2560 le brera, ha publicado la nora social de insigne
420 2546 1250 2608 portorriqueno, a la que delica, los parato siemientos:
489 2591 1283 2650 Como las facetas de un diamante que fulguran¬
417 2644 1280 2694 tomales diferentes puede considerne la labor lien¬
423 2689 946 2739 la de este gritor proriones.
492 2743 1283 2796 En todos sus aspectos brilla el fondo que produce
420 2785 1286 2841 los replandores de la verdad base de toda moral a¬
417 2833 1271 2883 este into de entura, con es de un valor inapreciable
420 2874 1289 2933 porque sus cento por un hombre intero que mo la
1313 2253 2188 2309 atura poblera de desprecios honores enterarias y dinen.
1394 2295 2185 2351 solo hombre conformes en la naturaleza de su
1319 2340 1982 2393 entrin en capaces de tan puras bellera,
1400 2382 2185 2438 Nota de la Redacción pien puede deciree que
1319 2427 2191 2482 nadie es poeta en su tierra. Los obras de más sabio
1325 2474 2161 2524 de los portorriqueños apenas se conocen en su patria.
1555 2561 1964 2614 SOLUCION
1400 2641 2191 2694 Solución a la charada del número anterior MAR.
1325 2686 1489 2739 GARTA.
1397 2740 2194 2796 Han remitido la solución, la Sra. E. de H. y las
1319 2782 2188 2838 señoritas María Santo América Nigación. Ana Ha¬
1325 2827 2203 2880 tone nata, quiones nos trila Cano. Josta
1328 2874 2125 2927 Amela Carcia María pertos y Melitina encimi¬
486 2265 1227 2324 LAS OBRAS DEL GRAN HOSTOS
1038 3080 1450 3133 Ayuntamiento de Madrid
