2479 3508
489 647 1880 733 CIONAL
352 901 1164 966 Leemos en nuestro interesante colega Voce Nuova,
274 946 1167 1008 de Milón que las mujeres de falia, sufrechos porque
274 993 1164 1052 sa nación poresista los haya concenido el derecho de
274 1038 1167 1097 racio, se oponen propender a e engrandecimiento.
277 1089 1158 1145 y han tonado a su cargo trabajar por estinar el alta¬
277 1134 901 1190 botismo y proteser la fines desvalida.
349 1179 1161 1235 Lo mismo de proponen hacer las señoras españolas.
280 1223 1158 1276 la cuales han entado el reconocimiento de sus der¬
277 1271 1158 1324 los con la mor alegría dede la mas encumbrada du¬
277 1316 1167 1369 quesa y la dama más europetada de la clase media, hasta
274 1361 1170 1414 las progresistas obreras de las fabricas. El mundo
274 1405 510 1458 mano.
355 1588 1164 1638 El gran Wilson, el héroe del siglo XX. el hombre.
274 1629 1167 1685 más humano y de ideas más elevadas conocido esta
274 1674 417 1730 enfermo.
352 1722 1173 1775 Su gran corazón y su privilegiado cerebro no han
280 1767 1164 1823 pondo resistir los parazos de los Sanchos de todas las
277 1814 943 1864 aterios quiene molesta su grandera.
316 1853 1167 1912 Ana humanidad. Silo recios los arances de
277 1904 1167 1960 progreso con la punta de la espada y erucincando a tus
280 1949 576 2005 tenenores.
352 1991 1164 2044 Todas las mujeres del mundo dirán con nosotras:
280 2029 1009 2088 mios salve a millon, todavía lo necesitamos.
346 2182 1164 2232 Promovida por La Unión francesa para el sufracio
268 2226 1164 2279 de la Mujer tuvo lugar una gran conferencia en Pate.
277 2271 1164 2327 serin leemos en nuestro distinguido colera feminista
274 2313 1164 2369 La Prmenso, para estugar la puntamen de la mu¬
280 2358 1164 2417 jer en la pila moluien en sus respectos mas y ape¬
274 2409 967 2459 almente en la vida poluca internacion.
346 2462 1167 2518 Hubo delegadas de Francia. Inglaterra, Estados
274 2510 1164 2563 midos, talia pelica. Nueva helandia y atrica del
274 2558 355 2611 sad.
355 2606 1170 2662 En Francia, las mujeres trabajan con gran empeño
274 2650 1164 2706 porque se los reconoran sus derecios, y es la funica ma¬
277 2701 1170 2757 ción europea que aún no ha hecho insicia, a la mujer.
277 2743 853 2808 parece imposible dada su cultura.
358 2794 1164 2850 España también acaba de darle una lección de hu¬
274 2844 432 2897 manismo.
349 2892 1155 2948 Escrito lo anterior, leemos en Womans Centura
325 2107 1119 2163 Conferencia de la Alianza Internacional
358 841 1080 900 Las mujeres italianas pueden votar
346 1450 979 1509 ¿Qué dicen a esta las puertorriqueñas?
647 1522 797 1578 Wilson
1203 847 2092 903 importante magazin del Canada, que nos visita, lo si¬
1212 895 1346 945 guiente;
1280 934 2092 999 El día 20 de mayo de 1919 debe ser considerado
1206 987 2095 1043 mo de los días más grandes de la historia del Suracio
1209 1035 1385 1088 Femenino.
1283 1077 2098 1142 Pues en este día Francia dió á sus mujers y a las
1206 1131 2095 1187 de Alger los derechos electorales de que gozan los fran¬
1200 1176 2092 1232 ese será verdad? Si es as pien por Prencia.
1277 1310 2098 1366 Por la primera vez ha sido nombrada en Nueva
1212 1358 1824 1411 Yos Auornen de patrio una mujer.
1277 1402 2092 1455 Mias nosa Romuertere es una joven de veintieis
1203 1447 1633 1500 años y nacido en humana.
1280 1495 2092 1554 Tiene a su cargo en la Corte todos los casos de mu¬
1209 1549 2092 1602 jeres que vienen ante ella, ya por mala conducta o por¬
1203 1591 1525 1644 tros circunstancias.
1277 1641 2092 1697 En el Canadá han nombrado mujeres en las Cor¬
1209 1689 2092 1742 tes juveniles Nala más sabio que estas medidos. Es
1206 1734 1982 1787 la mujer la que debe jugar a la mujer y al niño.
1268 1806 2039 1862 Concesión a las mujeres en Dinamarca
1280 1868 1985 1921 El gobierno dinamarqués acaba de decretar:
1337 1913 2098 1963 Una mujer danosa casada, con un estraniero
1200 1958 2054 2011 consetra su ciudadanta mientras viva en pinamares
1361 2003 2089 2053 rina mujer desa casado con un estramie¬
1200 2047 2092 2100 ro fuera de su patria el al volver ella pide se le reco¬
1209 2092 2089 2148 pres su derecho de ciudadanta, se le conce y con el
1206 2134 1597 2190 mo que la es anero
1286 2185 2095 2241 ( Los hijos que estén bajo la potestad de la
1200 2232 1818 2282 madre tienen la ciudadanto de esta
1436 1250 1871 1306 Miss Rosa Rotherber
1298 2325 2000 2378 El trabajo de las mujeres en Oriente
1271 2385 2092 2435 Son muy severas las condiciones en que trabajan
1200 2430 1719 2482 las mujeres en el lejano oriente.
1277 2471 2095 2524 Las 22 90o trabajadoras de Bombay tienen al ho¬
1209 2516 2092 2575 ras de trabajo en habitaciones sin aire pues cierran las
1209 2561 2092 2617 ventunas, para que no se dade el aleción. En cuina
1206 2612 2089 2662 las mujeres y los niños trian 18 horas ven amón 19.
1200 2650 2092 2706 en habitaciones antiginicas. Las miencias quer¬
1206 2701 2092 2754 men en los factorias dos aculadas en habitaciones
1200 2746 1585 2799 de pesimas condiciones.
1271 2800 2092 2850 Por esto pueden ver nuestras obreras que en Puerto
1206 2844 2092 2894 pre estin mucho mejor que en aquellos países inhuma¬
1200 2889 1349 2942 nitarios.
1027 3110 1456 3166 Ayuntamiento de Madrid
