2479 3508
1116 555 1510 608 HERALDO DE LA MUJER
391 889 606 948 TENEO.
453 940 1250 999 Nuestro brillanre Centro intelectual se prepara
379 979 1256 1043 recibir denamente a esimo latener uno
382 1017 1250 1085 de los mas lugres pates españoles de la presente
385 1065 570 1121 generación.
450 1107 1247 1172 Digno es de todas nuestras deferencias y con¬
385 1152 1236 1214 granilagiones amor al talento en es la agorra
385 1193 782 1252 Sa del mundo modemo.
379 1244 791 1303 RODA EN ABROVO.
447 1289 1250 1354 La espiritual hija de la culta señora Abilda de
382 1328 1247 1396 Ndo, entero su corazón y su mano a un apreciable
385 1370 713 1432 caballero de arrovo¬
450 1420 1238 1485 Que la diosa de la felicidad llene de sonrisas y
376 1456 952 1521 de nores el camino de en estencia.
382 1513 1179 1575 ROLETIN HISTORICO DE PUERTO RICO.
450 1555 1241 1620 Hemos rebide el número correspondente a u¬
370 1597 585 1650 no y agoso.
447 1638 1244 1706 Trde documentos históricos importantísimos como
373 1683 1241 1748 empre esta publicación enrada por muestro ilustre
373 1725 1247 1793 Historiados pre Caverano con y roste la que no debía
376 1767 1167 1835 altar en casa de mingin puertorriqueño de valer¬
379 1817 692 1876 CONOTENCIA
441 1865 1241 1927 May sentida la damos a den Oevado Abril y de¬
367 1907 1238 1972 más familia de muestra querida prina Rra sabia de
367 1952 1236 2017 Abril, que acaba de talecer en santure, en cua de
361 1994 1238 2059 un hija Mercede Abril de Cerdera Despues de una
367 2035 1238 2103 vida consagrada al bien y a la precurea de todas las
373 2077 1236 2145 virtudes crerianas nos abandona ra, dejando un
373 2125 1233 2187 lecto hondo y entido en el corazón de rosos sus fami¬
373 2170 689 2223 liares y presidos.
441 2212 1233 2276 También ha dejado la vida el norable intelectual,
370 2253 1238 2318 en las roregrosa a cuna familia acompañamos en
367 2295 641 2351 a natural dolor.
435 2337 1233 2402 Al Dr. Paniagua de Rio Piedras, y a nuestra que¬
373 2382 1233 2447 rida amiga Cinta damos el más sentido pesame por la
364 2427 809 2482 muere de en señora madre:
373 2471 829 2533 CONSANTIACO VEVE.
435 2516 1233 2581 Este venerable puertoriqueño está conquistando
370 2558 1227 2626 aterio de toda la la con sus hermosas obras huma¬
364 2606 1230 2668 miralas Su capital, que es grande lo dedica men¬
367 2647 776 2703 tar la marnación publica.
441 2689 1227 2754 además de donar sa sono para escuelas, ha es¬
364 2731 1227 2799 larecido en aguadila escuelas que levan su nombre.
361 2782 1236 2841 y ahora acaba de reralar dos cancios escolares en lu¬
370 2821 635 2874 quilo y estarlo.
429 2859 1233 2927 Bien por nuestro benefacror, cuya memoria per¬
1289 901 2164 960 durará siempre entre los progresistas puertorriqueños.
1292 949 1591 1002 A se hace patria.
1289 996 1534 1049 ENTERNO.
1355 1041 2155 1097 Lo ha estado en Sanurce el señor losé Marcial
1286 1080 1836 1142 Lopen Celebraremos su mejoria.
1283 1134 1824 1193 LREV PADRE NAZARIO.
1364 1188 2155 1241 Acaba de morir ese virtuosísimo sacerdote, uno
1286 1229 2155 1285 de los puertoriqueños más ilustrados y estudiosos que
1283 1271 1513 1324 hemos tenido.
1352 1319 1618 1372 Lo deploramos.
1286 1364 1650 1420 LELICITACIONES.
1358 1408 2152 1467 Muy valiosas las ha recibido nuestra directora,
1289 1501 1770 1557 LIESTAS ESPLENDIDAS.
1283 1638 1459 1694 de la Rara,
1277 1692 1842 1745 LOMENTANDO EL CRIMEN.
1343 1743 2143 1796 No se conocían en Puerto Rico los grandes crime¬
1280 1785 1755 1838 nes ni los andaces erminales.
1271 1910 1797 1969 los hamponsas de siquilibrados.
1343 1961 2140 2014 Que pensara nuestro Cobierno y mestra Legis¬
1271 2000 2143 2056 lama, que al esa dejando hunque en el abemo de
1271 2041 2140 2100 la maldad, un pueblos aver honrado y ranquillo, se¬
1271 2086 2006 2142 lo porque algunos enores se lenen el bolsilo;
1346 2128 2140 2187 Lo mismo para con el uego, labra más desa¬
1274 2170 1842 2226 rada Barea que la del puramo;
1274 2224 1782 2279 LITE Y SU PROTECTO.
1346 2265 2140 2330 La Sociedad Prorecrora de la luventud parro¬
1286 1456 2152 1509 por sus artículos de el Mundo sobre los remblores.
1358 1552 2149 1611 De tal pueden calificarse los bailes del Casino Es¬
1286 1597 2155 1653 pañol de San Juan, y el de Ro piedras, en celebración
1337 1826 2146 1885 Pero en la magnrisa escuela de los nues¬
1280 1871 2146 1927 que tenemos están aliendo mastros de cala, todos
1274 2316 2140 2378 nada por nuestro distinguido amigo llante, es un
1271 2361 2063 2420 emos provero que toda la la dete cecunda¬
1343 2403 2143 2462 Nos hacen tala industriales, y nos gobran pro¬
1265 2447 2140 2509 esionales. En las industria y en la agricultura una
1265 2489 1716 2545 el porvenir de Puerto Rio¬
1277 2546 1865 2605 HERMOSO RASCO FEMENINO.
1331 2597 2131 2659 La distinguida señora Encarnación de Aboy ha re¬
1265 2647 2137 2700 galado una caera para los tuberiosos Sas licie¬
1265 2683 2134 2748 San todas las ricas pronto erarianineralados los sana¬
1271 2728 2042 2790 torios de mo Pedras Canas y demás de la ila.
1265 2788 1824 2841 BOS QUE HAN REGRESADO.
1340 2836 2134 2900 Damos una cordial bienvenida á la distinguida
1259 2877 2134 2945 dama Mime Lacheri, llegada hace poco a la al ya
1038 3080 1450 3133 Ayuntamiento de Madrid
