2479 3508
426 659 1919 715 La moral os la Hicio uel lla
343 764 1164 820 Muy interesada en la lectura de un libro, me en¬
268 805 1164 864 conte con la hermosa máxima que encaber estas lues¬
343 850 1155 909 En el momento, y como siado por un impulso po¬
271 895 1155 954 derso, me pues a escribir de estampado en el papel
268 937 1164 1002 algunas de las ideas que han llenado mi pobre cerebro.
340 985 1155 1043 Los que higiene es el arte que nos encia con¬
271 1029 973 1088 erar la salud y a evitar las enfermedades.
310 1068 1155 1133 antigiene del cuerpo dio para mí, y como po¬
265 1122 1155 1178 remos enitar las enfermedades del alma que muchos de¬
262 1164 1158 1223 cos perionan las enfermedades comorales que es un
271 1208 528 1261 Ana enterna.
343 1262 1155 1315 Creeis lectores, que cuando de un ser brotan ma¬
271 1298 1158 1360 las acciones e ideas poco generosas puede estar en salud?
274 1343 1155 1405 No de agua impura salen mierolios de entemedades.
274 1391 1164 1449 nuestra alma que debe ser un manantial de un cris¬
268 1435 1155 1494 talina, que sie la sa del seniento, y que es un a
1200 770 2089 820 todo el que de ella necesite, no debe estar nunca satura¬
1194 811 2086 864 la de impurenas; si mana de un sino limpio y no viene
1194 859 2086 912 permiten la humanidad con sus bacterias de maldad
1197 904 1394 954 injusticia.
1271 949 2098 1005 Por eso se dice que la moral es la higiene del alma,
1203 993 2086 1049 porque el ser que trata de levar siene moralidad en
1197 1038 2089 1091 sus acciones encontrará alvio para sus pesares puesto
1200 1083 2086 1136 que tiene en su proceder la Higiene que necesita el alma.
1274 1125 2006 1181 Observamos siempre estas notables máximas:
1277 1161 2086 1226 No hagas al primo, lo que no quieras que te ha¬
1200 1217 1474 1273 gan a tí mismo.
1280 1256 1767 1318 Avidate, y Dios te ayudara.
1271 1298 1800 1360 ma, bien y mo mires a muien.
1274 1349 2086 1408 Y por último recordemos que no puede haber agua
1773 1444 2018 1497 Petra Quijano.
265 1567 1158 1629 los señores Barceló. Tous Soto y el señor lesís Beni¬
265 1611 997 1673 La que ha recobrado por complerosa salud.
265 1665 806 1721 EAS SENORITAS HOSTOS.
334 1710 1155 1769 Luisa Amelia y Angelina de Hostos nos saludan
265 1755 749 1820 desde Nueva Yonto.
337 1800 1155 1859 Buen tiempo deseamos en la gran urbe americana,
262 1841 847 1903 mestras liginenidas amigas.
262 1895 934 1951 LA PLUMA DE MINOZ RIVERA.
334 1940 1158 1999 La mauguración del obelisco dedicado á Muñor
262 1982 1003 2041 en arrecibo, Revistio gran solemnidad.
337 2029 1152 2085 Nuestra genial frina pronunció un bello discurso.
265 2080 821 2133 LASCULINISMIO.....
895 2077 1015 2130 N
334 2137 1155 2190 Muchas de nuestras mujeres reniegan del lemis¬
265 2182 1158 2238 mo, porque sí, porque ignoran lo que signica, o entan
262 2224 606 2274 ramo por las mu¬
343 2274 1152 2330 En cambio quieren implantar en nuestra, hasta
265 2319 1140 2375 hoy morigerada y cultra sociedad, un masculinismo;
262 2361 949 2417 que repuena hasta á los mismos hombres:
343 2406 1158 2465 Creen que el modernismo es tomar los modales
262 2444 1161 2506 vicios del eso por al no es eurajo que las que
262 2492 1161 2551 e tienen por esoras tamen cierrillos, y por lo tanto
265 2540 1158 2596 buelan a tabaco en ven de plera flores y cuen las
262 2588 1155 2644 pernas con el mayor desentado delante de la gente,
262 2627 868 2680 como las grieras de todos los pares.
340 2668 1068 2733 pren muelas: "Las americanas lo hacer.
331 2719 1158 2775 Y pertenecerán esas americanas que vienen ami¬
262 2761 1155 2820 ganare la vida, a la primera airocracia de Norte
265 2803 432 2856 América,
334 2847 1161 2909 En tiempo de la dominación española ninguna
262 2898 1155 2954 puertorriqueña distinguida cruzaba las piernas como
1194 1576 2086 1629 los hombres. Teníamos costumbres aristocráticas que
1194 1620 1540 1670 dentamos conservar.
1265 1656 2092 1709 El Feminismo hace a la mujer cada día más fe¬
1194 1701 2077 1754 menina y la apara, en todos respectos del mascu¬
1200 1746 2083 1802 inimo ser feminista es ser buena madre buena
1194 1791 2086 1844 esposa, y excelente ciudadana, que propende a la
1188 1832 1800 1891 mayor tura y moralidad del país.
1197 1883 1492 1939 RERIODICOS.
1262 1931 2083 1987 Nos han visitado el magnífico magarín del Cana¬
1197 1979 2077 2029 la moman Centura, y el Cadiador de parce¬
1194 2018 2080 2076 bona. Ambos rel grados por mujeres, corresponde¬
1194 2062 1453 2118 mos a su vista.
1197 2119 1656 2169 LIEMBLA LA TIERRA.
1259 2158 2083 2217 Debido á la aprovinación del planera Venos a
1194 2203 2089 2259 nuestra tierra, vuelve a temblar la tierra, y sa acción
1200 2247 2077 2303 debe sentise en todas las ronas tropicales calidas qui¬
1194 2295 2086 2351 ras debido al encanchamiento de nuestro solo, que
1200 2337 1859 2393 las hace ser más sensibles a la atracción.
1259 2397 2086 2453 Hemos observado que los temblores se producen
1194 2441 2080 2497 cuando el planera esa en el cento nadir de un pue¬
1203 2489 2080 2542 bo. Eso pulimos constaralo perferamente el pa¬
1194 2531 2089 2587 sado año cuando por el ander leno de Marte signi¬
1194 2576 2086 2629 temblando la verra unos dias y siempre un espacio de
1197 2621 2086 2677 tiempo mis rarde Creemos que si eura, hipores se
1197 2665 2089 2721 confima alein día plenamente podrá predecirse hasta
1200 2710 2083 2766 la hora en que se va a producir el remblor, que era
1194 2752 2089 2811 cuando el arro lesue al cento al madre de una resión.
1262 2803 2089 2856 ¿Qué drán esto los que consideraban nuestras
1197 2844 1707 2894 observaciones sin fundamento:
1582 2907 2021 2960 Margarita del rado.
1030 3110 1459 3166 Ayuntamiento de Madrid
