2479 3508
1030 552 1483 620 HERALDO DE LA MUJER.
561 668 1949 745 EL MA LUS
755 796 1773 873 ¡Ay, orgullo, orgullo, orgullo hasta donde llegarás
447 946 1244 1002 Son los apolonidas en muchas tierras, una plaga,
376 993 776 1049 enores o para y media.
456 1026 1250 1091 Porode hacen cuatro versitos o siste o muere, los
376 1071 1247 1136 más imitaciones de otros poetas muelos se cren se¬
385 1113 1247 1181 mos pura y Comonores, o muro el grande cuando
385 1170 728 1226 menos y enciones.
453 1202 1406 1267 algunos piensan, que del empreo bajo una luz mismo.
391 1244 1250 1309 ruina y en medio de en frente se la luego para al¬
385 1292 1253 1357 los á derramar lorentes, las mil y una tonadas
388 1346 618 1399 de me nos.
462 1382 1250 1441 Otros se figuran ser poderosos, porque tener creen
385 1423 1247 1488 en a grano dumines de los pura que radian fi¬
391 1471 1110 1536 sidos, nombrado al mundo con sus ilusos.
465 1513 1253 1575 y quien los sea son ras prillaninos me se
394 1552 1247 1617 estan obre el común de las gentes, cial atos es¬
397 1608 806 1667 penornos de una ingente
465 1641 1247 1703 Y en tanto en tanto pasan su vanidad y en
388 1686 1250 1751 soladora, con los polsillos vacios y la mente encias.
459 1728 1250 1790 ser poeta, a lemos, quién mue en una que
391 1770 1256 1835 es la Poesía, la mantestación más potente de alma hu¬
397 1817 1259 1879 mana, que esas y asuna en eterno que de la
388 1868 856 1924 negras de muestos mismo;
462 1904 1259 1966 No el poeta, el unido por mos con el detelo
397 1949 1253 2020 pristino de su omupotencia, es un ser encillo, sin va¬
394 1994 1224 2053 nidades intos, ni rinculos alando de sur cienca¬
468 2035 1259 2097 solo a perio de unana de lo que sale El hombre.
394 2080 1265 2142 de talento no a vandoso, pues que conoce que muelo
397 2122 1256 2187 ignora y por los tanto, las que hacer pulos de suncien¬
403 2167 1256 2232 la y do pulo, con gran trabajo levantar una punto
400 2218 928 2274 del velo de MANA CIENCIA.
1352 922 2149 987 Son malos hijos de nuestra tierra, los que reniegan
1289 964 2152 1035 de en bandera. Es la bandera puertorriqueña la bella
1289 1008 2152 1076 cuenta de un pueblo pobre, de un pueblo tiste de un
1292 1056 2152 1124 pueblo noble que solo tiene, en esta vida en handera
1295 1101 2146 1166 que es en eserana, que es un consuelo en contima,
1289 1143 2152 1214 que a los riqueños hace per y hue lorar á un tiem¬
1364 1238 2155 1303 Pues sus colores tan esplendentes hacen que vibre.
1289 1277 2152 1345 su corazón de puro amor y hacia e estella replan¬
1286 1340 1704 1393 ciente ya el ila....
1355 1376 2161 1441 Ella es emblema grande y sagrado de algo elevado
1298 1429 1848 1491 pro y homado: LA DIONIDAD.
1361 1558 2161 1623 Pues si señor, el que el alma desconoce, es un pu¬
1358 1647 2161 1709 Es el alma la que piensa y exterioriza su pensa¬
1361 1731 2158 1796 Nues los nervios podrán es lo levar cabo
1361 1862 2161 1921 Si los nervios fueran el instrumento del pensamien¬
1361 1997 2164 2053 Pues hasta pensanto el indo norante de mues¬
1298 2077 2164 2142 ro sus honras cierra, cuando el hombre lo roca, á lo
1292 1614 1540 1670 o materialisa.
1289 1692 2158 1754 miento, por medio del cerebro que es su instrumento.
1292 1779 2158 1841 actos mentales propios del vo superior que entre en
1292 1829 1776 1879 podos nosotros, eres morales.
1295 1907 2158 1966 ro Dos soberano le de portentos conspiramos
1295 1952 2158 2011 de todos lados De todos los seres que hay animados
1295 2035 2164 2097 ros campos, el cual y cree que tan sernos, y por¬
1295 2131 1851 2184 panta el rueno de las tormentas.
1910 2209 2060 2265 LOTYS.
662 2358 1000 2414 PADEREWSRT
937 2444 1179 2497 Fragmentos.
465 2525 1268 2587 Paderresi que es aristocrático y poético como su
406 2567 1268 2632 patria de un concierto en puenos ales y fue la me¬
409 2624 800 2680 la de mo y con ran¬
483 2659 1271 2718 Paderesar que hoy en cada corazón bonarense.
409 2701 1274 2766 Los argentinos han tambido de pasión en los conciertos
409 2758 606 2808 de la quen.
480 2788 1277 2853 Esas manos inmortales hechas para producir tanta
409 2830 1274 2892 plea, tanto, amor tanta amonta en el ellado, quen
409 2874 1280 2942 al presente como plomos agradas en cada imaginación
1301 2346 1946 2396 de mujer sensitiva cultivadora del piano.
1376 2385 2167 2450 pienosa inmortalidad la de Polonia! Nos ha le¬
1304 2427 2176 2485 gado a Patreral, el pimista más celebre de los tiempos
1307 2471 2176 2530 modemos y nos ha producido a chosin el genio mi¬
1313 2522 1707 2581 grante merca del piano.
1376 2558 2170 2617 Paderepeti, este rubio, salio educador del senti¬
1307 2603 2173 2662 miento que la enteneprecido la quera para sumir la in¬
1307 2647 2173 2703 tengencia de buenos arros en la comentración de las to¬
1307 2689 2179 2748 muciones quetica, salidas de sus maravillos mu¬
1316 2737 2185 2796 mos y la encendo como se piensa. y como se habla
1038 3083 1450 3133 Ayuntamiento de Madrid
1313 2785 1528 2838 con el piano.
1710 2827 2113 2877 Juana Cristina Lorenza.
