2479 3508
940 501 1370 554 HERALDO DE LA MUJER
653 632 1197 688 Cona Bve
1227 638 1656 694 Forever
1343 770 1928 823 Novela por Ana Roqué de Duprey.
316 844 1134 903 A poco más de una legua, les esperaban en otra¬
232 889 1122 951 entral vecina, la elegante inda señora de lienares, y
241 934 1128 990 a nemano, soleron recaloirante que pesar de su¬
238 976 1131 1037 marenta años no había enido tinuto al mor sero:
247 1020 1131 1079 que siempre detendo á las fuenas de la arricultra¬
235 1068 1134 1127 a vida en el trabajo aunque se nos de orio los en¬
244 1113 1018 1172 meda en leer pues posita ma general cubra.
313 1158 1131 1217 Lespollo había pasado sus primeros años en los
241 1205 1125 1261 colecio de Francia, y en medio de en parente inque¬
238 1250 967 1306 rencia, no de la de ser un ideasta enal¬
316 1295 1125 1351 No en tan ilustrada su hermana ma; pero se
238 1340 1128 1396 muy educada y soberbiamente hermosa. Habia ensado
238 1385 1131 1441 muy buen con un esto el que murio á los po¬
238 1426 1131 1485 años dernola poesiona de una relar forma del
232 1474 1134 1530 me la mueden contral de las palmeras pertenesta
235 1519 552 1575 los dos hermano.
316 1567 1125 1626 Una bella alameda de almendros, astromelias y
241 1608 1134 1664 ñambovanes, daba entrada a la finos que se halana
241 1656 623 1712 posina al mar Carle¬
310 1701 1128 1751 A los lados de la alameda, se extendian esplendi¬
235 1746 1128 1802 dos jardines donde las más hermosas flores del tropico
235 1791 865 1847 y algunas exóticas incian su galanura.
316 1835 1131 1888 A pesar de estar en el mes de diciembre el caliente
235 1880 1128 1933 sol de nuestro inviero había llenado de rosas, lumi¬
241 1925 1131 1978 nes amapolas, paronios, trinitarias y partenas las
247 1967 1125 2023 verias y arristas en tanto el velo de novia, las campue¬
232 2018 1125 2068 teras con sus hojilas que sencian fuísimo encate las
238 2062 1125 2112 sorias vindas y bellera americana, formaban cortu¬
250 2101 1122 2157 por entre las ministas y las aurrenas de aquellos mu¬
241 2149 537 2202 morosos inrines.
310 2194 1134 2247 A la vera del camino, y sentada en un banco rístico
238 2238 1128 2291 estaba la bella fama con un traje pres de muelina
238 2283 1122 2336 pa, guaresio de encares miendo s mio tale mu¬
241 2331 1128 2381 intun de escamas platendas, y en pelo peinado á la
241 2376 961 2432 priven estaba quieto también mor entas rosas.
316 2418 1134 2471 Una rica sombrilla del mismo color la reguardala
241 2465 1119 2521 del el dando a toda su persona ese mata brillante.
238 2513 835 2566 propio de la juventa y de la alegría.
319 2555 1131 2608 pien sabia la hermosa que la sombrilla de tafeta
241 2603 1131 2656 pa, embellece a la mujer y ella descaba aparecer bella,
247 2647 1134 2700 pos mila le parecia muy guapo y alta que tenta¬
244 2689 549 2742 una poderosa rial.
310 2743 1131 2796 Al verlos aparecer, levantose la dama, y llamando
232 2788 1125 2844 Pita, su hermoso pero blanco de soberia melena.
241 2836 1131 2889 que ladiaba furiosamente a los reción llegados los di¬
241 2877 474 2930 arrosamente.
1244 853 2057 906 ¡Oh, mis buenos amigos Ha ya rato que esperaba¬
1167 898 1334 951 á ustedes.
1247 940 2054 993 —Señora Irma dijole Don Guillermo aquí tiene
1170 987 2063 1040 Va toda la gente de La Magnolia, los se lamala la
1170 1032 2054 1085 Contal de delo señor, que viene desena de gonar de
1170 1080 1621 1130 ma ina a la portorriqueña.
1259 1122 2054 1175 bien venidos sean, contestó Leopoldo, demon¬
1173 1164 2060 1220 tando en ese instante de en caballo, Todo esta prepa¬
1167 1211 2063 1264 rado cera del mar en los acantiles de la costa. Al¬
1173 1253 2057 1306 están los solabios laciones que pronto estarán tosta
1164 1301 1236 1354 Is.
1256 1343 2065 1396 —Magnífico. Leopoldo, eso es hacer las cosas al
1164 1391 1265 1447 rianta
1241 1435 2065 1488 —VId. Miss Storel, déme la mano, decía William
1164 1477 2060 1530 a la serina, americana, junto al montadero, en tanto
1173 1528 1842 1581 que tra los aludaba ceremoniosamente.
1277 1573 2060 1626 Se haja ba, de ese modo. Lellar decía Mr.
1167 1617 1546 1667 Ruiene a su prometida.
1250 1656 2063 1709 es acostumbrada á andar siempre a caballo, no¬
1164 1704 1716 1757 necesito el montadero para bajar.
1253 1743 2060 1799 y ba oris no me da el brazo decía Jorge
1173 1794 2060 1847 cariosamente, tomando el de la bella andaluza, como la
1170 1835 2060 1891 llamaba la familia, mientras que Lespondo seria de ca¬
1173 1883 1447 1939 ballero de vial.
1236 1931 2057 1981 Dirigieronse todos hacia la esplendida casa de Irma,
1170 1973 2057 2029 la cual iba de brazo del vicio angron que no caba en
1170 2020 1728 2070 de poro en tan valos compañía.
1241 2062 2060 2115 La vuda viendo a Filian tan obseamoso con
1173 2110 1916 2163 mis Storel, se morala los labios de despecho.
1241 2152 2065 2208 Apenas la había mirado, y antes del vinte a Nuera
1173 2200 1845 2250 Yon todos sus atenciones eran para ella.
1241 2238 2054 2288 Sabieron a la ena, y viola la artista, se amodero
1167 2283 2051 2342 del pano tocando ares portorriqueños y españoles, ale¬
1167 2331 1943 2390 pes como etila su corron de queciosos años.
1241 2373 2051 2432 Los criados sirvieron un rico vermon con biaco¬
1164 2424 1662 2477 chos tostados para hacer boca.
1244 2477 2054 2527 El salón estaba decorado con lujo esplendido, a
1173 2519 2057 2578 pesar de ser una ensa de campo, y magetos de preciosas
1167 2567 2054 2620 dores adormaban la escalera y el palón, demostrando
1170 2612 2054 2662 la queña de la ensa, aunque no poeta, una instrucción
1164 2656 2051 2709 obresaliente como sus huepedios era arista por instin¬
1167 2704 2057 2757 to, como lo son todas las portorriquenas debido a vivir
1164 2746 2060 2799 en una tierra de luz, y colores, donde la Naturaleza in¬
1176 2794 2057 2847 provisa las más soberbias obras de arte, y derrama en el
1170 2839 2057 2892 ambiente la poesía de su bellera, y la armonía de mi¬
1167 2883 2048 2939 midos de su brica, sus frondas, sus fuentes, sus paja¬
1027 3113 1465 3163 Ayuntamiento de Madrid
