2479 3508
435 626 1128 697 LOS ENANOS EN LA HISTORIA
1498 602 1868 667 EN UNA CORTE
423 707 1212 778 Hasta ahora que sepamos, no se ha descubierto pue¬
355 752 1212 826 bo alguno de siente mientos que s mos atenenosa
355 796 1218 867 las armacine de algunos autores santes enconto en
361 838 1224 912 Amita un pueblo de mos; pero ni las amaciones.
355 883 1215 951 de este emplorior, no las de meronto habían miado
352 925 1218 999 la atención publes hasta que el inimo lan se pue¬
361 970 1224 1043 ento en alejanaria, con un grupo de enmos nocidos
361 1029 731 1085 más ala de muris¬
429 1059 1233 1127 Se dice que Herodoto fiaba la existencia de ma
358 1101 1227 1172 ma ena ngia la fuentes del No. Esto, lo
367 1146 1227 1217 tante emplorar es, sin vente sielos más tarde para
358 1193 1095 1261 no dejar en vintento repadre de la Historia.
429 1232 1230 1300 Pero sante no encontro cos enunos en la gran
364 1274 1233 1348 alta congolena se haro enton fue el primero
367 1319 1230 1390 en suministrar miormaciones precios aceres de esta
367 1367 1185 1438 ma misteriosa, a la que es lano oran Jolusion.
444 1405 1233 1476 pero en los al rone Hara bajo de la ena
373 1447 1236 1524 de rior, llamada celes de sumer en la cia quio ena¬
373 1495 1241 1569 tro mosa ses pientos y enos de los culo los cran¬
379 1561 513 1614 mujeres.
447 1582 1238 1653 El más alto de todos apenas medía 5 piés. Fueron
370 1629 1071 1697 conducidos alejamara y de ala brindis¬
447 1668 1250 1739 Hay que tener en cuenta que desde la más remota
376 1710 1244 1787 mue se la gento marado afecto hacia los ena¬
376 1752 1233 1829 nos puertos deres que la enido un comercio ene
379 1797 1241 1873 sin para concer estos de un modo ancia, por¬
382 1844 1244 1918 meno de un tramiento aloncien, en quina del cual
388 1892 1092 1963 e producin seres humanos de baja estatura.
459 1931 1247 2002 La presión de los manos mas a ser mota frene¬
388 1982 1250 2050 tes en la enen del Renimiento, cuando caballeros y
388 2026 1044 2094 damas enoneladas ambicionaban teneros.
456 2059 1259 2133 E Pada alejanto poria puesta una ducena de
391 2104 1253 2178 los y e ella la comida famosa del carional Vila.
400 2155 1068 2229 que fue servida por enta y ento enanos.
465 2191 1253 2262 Pue celebre igualmente el engno fulon, favonto
388 2235 1256 2312 de culos la que sio tenía decido plendas de alto, el
397 2277 1262 2357 mar ue penorio a parmera y como le qur se
403 2325 1262 2402 burlase un día de su pequena estadora, se desano en el
400 2376 1095 2450 mis de un ustoletro al cortes nele.
471 2412 1271 2485 En puerto Rico trimos he tengo una fami¬
397 2453 1259 2530 de enapos blancos que vivin en la calle de San sal¬
400 2525 486 2578 in¬
489 2543 1262 2614 Y otra morenita enana recorrió la isla poco des¬
412 2615 495 2668 pues.
1322 689 1886 760 El juez, ¿Qué ha pasado, señores
1328 734 2116 811 Un acusado. Que este señor me puso un nomina¬
1259 776 2119 855 tino, y vo que tengo un grito muy fuerte le a un
1253 835 1722 900 inino, y e rompo el prino.
1334 871 2122 948 Otro acusado. Y yo vengo con el acusativo, señor
1265 943 1337 1002 juez.
1328 961 2122 1040 Juez. Y vo declino este caso mandándolos a paseo
1480 1125 1913 1193 ATENCION
1567 1170 1854 1229 so¬
1334 1205 2131 1285 Se suplica á las peosonas a quienes se les ha en¬
1268 1247 2122 1333 viado este periódico y lo han aceptado rerenéndolo
1265 1289 2128 1375 remitan el importe de la suscripción para poder aren¬
1265 1334 2131 1417 der los gastos de imprenta que, por las circungra¬
1274 1397 1764 1461 las acundes son muy recidos.
1337 1471 2143 1551 ¿Quiere anunciarse en HERALDO DE LA Mujer
1277 1525 2143 1608 Este periódico visita los hogares de las mujeres más
1277 1597 1821 1664 cultas de Puerto Rico y Antillas.
1289 1692 2146 1778 tón de Don Guillermo echo una cana al aire, danzando
1286 1764 1489 1823 con la vida
1355 1785 2149 1867 Leopoldo no bailaba de pié junto al piano, con¬
1292 1835 2152 1915 templaba bellera de Vila, que ha parecia la hermana
1292 1883 2018 1960 de atenida la celebre dumues, de Monteman.
1361 1925 2152 2008 Luego que terminaron. Leila propaso visitar el jar¬
1289 1979 2164 2053 an y acuela bandada de marisas alegres corriendo.
1289 2041 1585 2097 de un lo oto.
1367 2062 2155 2145 En tanto Don Guilermo, como un enorme maripo¬
1298 2110 2161 2193 son cubradota de estorala en parecerle amable a la vi¬
1301 2152 2158 2235 nita, que contrariada y mina ina de en brno dism¬
1295 2197 2134 2279 lando por el nación la desin que eurimenta.
1367 2247 2167 2327 Persiguiendo una mariposa, se encontraron frma
1304 2289 2164 2372 y a combanante en una revuelta del jardin co. mi¬
1301 2358 1633 2420 han y las americana.
1376 2391 2170 2462 —Miss Stored. Miss Storrededijo Don Guillermo
1307 2444 1937 2515 alegremente apoderandose de su brio.
1382 2486 2191 2563 Permita que por un momento sea vo su perseguidor.
1310 2549 1639 2620 y ustel la mariposa.
1385 2570 2182 2647 Con mucho gusto contestó ella en perfecto
1307 2644 1439 2697 español.
1388 2665 2185 2739 Y William, desligado un tanto del hada mágica que
1313 2719 1991 2790 lo hechaba acerose a lama con galanteria.
406 2701 1277 2778 ros, y el continuo susurrar de sus gigantescas palmeras.
409 2767 746 2829 y los ormientos.
492 2791 1271 2862 y como la juventud siempre tiene descos de bailar.
406 2830 1274 2909 a ten vilen in bulicios tro sen hasta el cincuen¬
1883 2812 2107 2871 Continará
1021 525 1436 593 HERALDO DE LA MUJER.
1041 3092 1450 3145 Ayuntamiento de Madrid
