2479 3508
1089 575 1418 628 ALDO DE LA MUJER.
1985 575 2063 628 ri¬
704 731 1731 784 ¡ONCIAS Fuertorriqucias
1140 838 1292 891 POR
850 919 1603 975 Ana Roqué de Duprey
450 1074 1453 1124 En dos elegantes tomitos se publicarán las siguientes:
1241 1125 1609 1178 FLOR DEL PANTANO
453 1128 1047 1181 EL REY DEL MUNDO (premiada)
447 1176 725 1229 Luz y SOMBRA
1244 1176 1800 1229 UNA LECCION DE ASTRONOMIA
453 1223 973 1276 LAS HIAS DEL SOL. (cuento.
1241 1223 1809 1276 LA SERENATA DE LOS ANGELES
1241 1271 1839 1324 EL HADA DEL SORATA CCuento.
447 1277 770 1330 ANINA cuento.
1241 1322 1433 1375 FLABELLA
447 1325 1015 1375 LA VIRGEN DEL MAR llevenda)
1247 1370 1731 1420 UN LANCE DE CARNAVAL.
450 1376 895 1426 EL RAMO DE LACINTOS
1241 1417 1444 1473 SIN ALA
453 1423 826 1479 GOOD BUE FORERER
1241 1468 1851 1521 LA FIESTA DE REYES premiada)
456 1474 1179 1530 ELSECRETO DE UNA SOLTERA premiada)
489 1558 1970 1611 El 30 por ciento del producto de cada tomo se dedicará a obras de beneficencia.
498 1603 2086 1653 Lo que corresponda al primer tomo sera entregado al instituto de pienestar Social.
373 1641 2083 1700 para ayudar con algo a la implantación de la Casa Rerormatoria de venes Desamparadas.
495 1686 1865 1736 Las personas que descen suscribirse al primer tomo, se servitan avisarlo.
740 1782 1659 1838 SU PRECIO SERA DE UN DOLLAR.
474 1940 1152 1993 Torrefacción de Caré movida electricamente
394 2015 1197 2070 E. ISERN, Propietario. F. ISERR, Manager.
495 2068 1095 2121 Café tostado y molido a todas horas.
528 2134 1062 2187 DEPOSITO: CALLE NUEVA.
382 2200 1182 2253 HUMACA. PUERTO RICO.
1450 1937 1901 1987 Francisco González Fagundo.
1501 2018 1842 2070 AROCADO Y NOTARIO.
1271 2077 2063 2130 Teléfono sa. PO. No....
1406 2134 1949 2187 CALLE DOMINGO OUIANO.
1274 2197 2071 2250 HUMACA PUERTO RICO.
462 2430 2000 2480 CLASEDE ILES
773 2546 1704 2599 EN RIO PIEDRAS
653 2609 1800 2665 Las dará iss Nora Hachey a horas particulares
949 2674 1519 2727 Puede ir también a Santurce.
737 2767 1707 2823 PRECIOS MODICOS.
1044 3030 1450 3086 Ayuntamiento de Madrid
