2479 3508
1056 516 1480 566 HERALDO DE LA MUJER.
774 637 1624 697 A
838 725 1671 778 OCTURRE Y NOVIEMBRE
355 1005 2137 1067 Estos preciosos trajes de toño que se encuentran en Mo all y cuyos patrones se venden a
576 1071 1919 1136 23 centavos en casa de los Sres. Villamil en San Juan de Puerto Rico
973 1140 1507 1190 son muy sujestivos.
364 2376 937 2429 Son estos trajes de lersey o
364 2430 937 2480 de Satín, propios para calles:
412 2477 934 2530 El NO 903a es una preciosa
364 2531 934 2584 blusa cosaca de seda o crepé,
373 2582 719 2635 muy en boga hov.
417 2633 931 2683 El poso es una blusa rusa y
370 2680 832 2733 lo mismo su compañera.
412 2734 940 2784 Estas blosas resultan bellas
373 2782 937 2841 y económicas, al alcance de
373 2833 734 2886 todas las fortunas.
1609 2379 2128 2432 Estos dos preciosos trajes
1564 2427 2125 2480 de baile á la parisién son su¬
1558 2477 2125 2533 mamente belllos, etéreos, su¬
1561 2525 2128 2584 iestivos, y apropósito para la
1567 2579 2122 2635 temporada de bailes y recep¬
1564 2627 2036 2686 ciones que se aproxima.
1600 2680 2131 2733 Deben fiarse las bellas puer¬
1564 2731 2134 2784 torriqueñas en los elegantes
1573 2782 2134 2835 peinados y hermoso abanico
1567 2836 1868 2886 de los modelos.
1038 3092 1453 3145 Ayuntamiento de Madrid
