<?xml version="1.0" encoding="UTF-8" standalone="yes"?>
<PcGts xmlns="http://schema.primaresearch.org/PAGE/gts/pagecontent/2013-07-15" xmlns:xsi="http://www.w3.org/2001/XMLSchema-instance" xsi:schemaLocation="http://schema.primaresearch.org/PAGE/gts/pagecontent/2013-07-15 http://schema.primaresearch.org/PAGE/gts/pagecontent/2013-07-15/pagecontent.xsd">
    <Metadata>
        <Creator>prov=READ-COOP:name=PyLaia@TranskribusPlatform:version=2.33.0:model_id=421621:lm=provided:date=28_10_2025_16:26</Creator>
        <Created>2025-10-25T14:29:47.819425</Created>
        <LastChange>2025-10-28T16:26:36.967+01:00</LastChange>
        <TranskribusMetadata docId="11369101" pageId="104387764" pageNr="21" tsid="259151991" status="IN_PROGRESS" userId="30120" imgUrl="https://files.transkribus.eu/Get?fileType=view&amp;id=JWGXSNGJYTWSEKNNALDBXVPO" xmlUrl="https://files.transkribus.eu/Get?id=RESZMLIWOZUDMIMXDXFFODBB" imageId="87597424"/>
    </Metadata>
    <Page imageFilename="0021_p021.jpg" imageWidth="2479" imageHeight="3508">
        <ReadingOrder>
            <OrderedGroup id="ro_1781166855611" caption="Regions reading order">
                <RegionRefIndexed index="0" regionRef="tr_1761395406"/>
                <RegionRefIndexed index="1" regionRef="tr_1761395404"/>
                <RegionRefIndexed index="2" regionRef="tr_1761395400"/>
                <RegionRefIndexed index="3" regionRef="tr_1761395405"/>
                <RegionRefIndexed index="4" regionRef="tr_1761395403"/>
                <RegionRefIndexed index="5" regionRef="tr_1761395401"/>
                <RegionRefIndexed index="6" regionRef="tr_1761395402"/>
            </OrderedGroup>
        </ReadingOrder>
        <TextRegion id="tr_1761395406" custom="readingOrder {index:0;}">
            <Coords points="930,795 2067,795 2067,971 930,971"/>
            <TextLine id="tr_1761395406_tl_1" custom="readingOrder {index:0;}">
                <Coords points="1074,764 1842,781 1842,831 1074,814"/>
                <Baseline points="1074,809 1119,809 1164,812 1209,812 1253,812 1298,815 1343,815 1388,815 1433,815 1477,815 1522,815 1567,815 1612,818 1656,818 1701,818 1746,821 1791,824 1836,826 1842,826"/>
                <TextEquiv>
                    <Unicode>F. HIRA &amp; Co.</Unicode>
                </TextEquiv>
            </TextLine>
            <TextLine id="tr_1761395406_tl_2" custom="readingOrder {index:1;}">
                <Coords points="958,856 1961,874 1961,924 958,906"/>
                <Baseline points="958,901 1003,901 1047,901 1092,901 1137,904 1182,907 1227,907 1271,907 1316,907 1361,907 1406,907 1450,907 1495,910 1540,910 1585,910 1630,913 1674,916 1719,919 1764,916 1809,919 1854,919 1898,916 1943,916 1961,919"/>
                <TextEquiv>
                    <Unicode>San Francisco esquina San Justo</Unicode>
                </TextEquiv>
            </TextLine>
            <TextEquiv>
                <Unicode></Unicode>
            </TextEquiv>
        </TextRegion>
        <TextRegion id="tr_1761395404" custom="readingOrder {index:1;}">
            <Coords points="931,614 2053,614 2053,1010 931,1010"/>
            <TextLine id="tr_1761395404_tl_1" custom="readingOrder {index:0;}">
                <Coords points="1194,602 1331,611 1331,661 1194,652"/>
                <Baseline points="1194,647 1238,650 1283,650 1328,656 1331,656"/>
                <TextEquiv>
                    <Unicode>S</Unicode>
                </TextEquiv>
            </TextLine>
            <TextEquiv>
                <Unicode></Unicode>
            </TextEquiv>
        </TextRegion>
        <TextRegion id="tr_1761395400" custom="readingOrder {index:2;}">
            <Coords points="885,1123 2061,1123 2061,1531 885,1531"/>
            <TextLine id="tr_1761395400_tl_1" custom="readingOrder {index:0;}">
                <Coords points="913,1128 2006,1149 2006,1199 913,1178"/>
                <Baseline points="913,1173 958,1176 1003,1176 1047,1179 1092,1179 1137,1179 1182,1182 1227,1182 1271,1182 1316,1182 1361,1185 1406,1185 1450,1185 1495,1185 1540,1188 1585,1188 1630,1191 1674,1191 1719,1191 1764,1191 1809,1194 1854,1194 1898,1194 1943,1194 1988,1194 2006,1194"/>
                <TextEquiv>
                    <Unicode>Llegados ahora por este correo, esta casa tiene un esplen¬</Unicode>
                </TextEquiv>
            </TextLine>
            <TextLine id="tr_1761395400_tl_2" custom="readingOrder {index:1;}">
                <Coords points="907,1188 2021,1205 2021,1255 907,1238"/>
                <Baseline points="907,1233 952,1233 997,1236 1041,1233 1086,1236 1131,1236 1176,1236 1221,1238 1265,1238 1310,1238 1355,1238 1400,1238 1444,1241 1489,1241 1534,1241 1579,1241 1624,1244 1668,1244 1713,1244 1758,1247 1803,1247 1848,1247 1892,1247 1937,1250 1982,1250 2021,1250"/>
                <TextEquiv>
                    <Unicode>dido surtido de Trajes Preciosos de Corte Moderno, Telas</Unicode>
                </TextEquiv>
            </TextLine>
            <TextLine id="tr_1761395400_tl_3" custom="readingOrder {index:2;}">
                <Coords points="910,1247 2000,1265 2000,1315 910,1297"/>
                <Baseline points="910,1292 955,1289 1000,1289 1044,1289 1089,1289 1134,1292 1179,1289 1224,1292 1268,1292 1313,1292 1358,1295 1403,1295 1447,1298 1492,1298 1537,1298 1582,1301 1627,1301 1671,1301 1716,1301 1761,1301 1806,1304 1851,1304 1895,1307 1940,1304 1985,1307 2000,1310"/>
                <TextEquiv>
                    <Unicode>primorosas de Crepé de China, etamina Georgette, Punto,</Unicode>
                </TextEquiv>
            </TextLine>
            <TextLine id="tr_1761395400_tl_4" custom="readingOrder {index:3;}">
                <Coords points="910,1301 2003,1319 2003,1369 910,1351"/>
                <Baseline points="910,1346 955,1346 1000,1346 1044,1349 1089,1349 1134,1349 1179,1349 1224,1349 1268,1349 1313,1352 1358,1352 1403,1352 1447,1352 1492,1355 1537,1355 1582,1355 1627,1358 1671,1358 1716,1358 1761,1358 1806,1361 1851,1361 1895,1361 1940,1361 1985,1364 2003,1364"/>
                <TextEquiv>
                    <Unicode>Tafeta, combinado todo con crespon aéreo. Vengan a</Unicode>
                </TextEquiv>
            </TextLine>
            <TextLine id="tr_1761395400_tl_5" custom="readingOrder {index:4;}">
                <Coords points="910,1355 2009,1373 1985,1426 910,1405"/>
                <Baseline points="910,1400 955,1400 1000,1403 1044,1403 1089,1403 1134,1406 1179,1406 1224,1406 1268,1406 1313,1409 1358,1409 1403,1409 1447,1409 1492,1412 1537,1412 1582,1412 1627,1412 1671,1415 1716,1415 1761,1415 1806,1415 1851,1418 1895,1418 1940,1418 1985,1421 2009,1418"/>
                <TextEquiv>
                    <Unicode>esta casa las más bellas flores del pensil riqueño, y saldrán</Unicode>
                </TextEquiv>
            </TextLine>
            <TextLine id="tr_1761395400_tl_6" custom="readingOrder {index:5;}">
                <Coords points="907,1411 1507,1420 1507,1470 907,1461"/>
                <Baseline points="907,1456 952,1459 997,1459 1041,1459 1086,1459 1131,1462 1176,1462 1221,1462 1265,1462 1310,1465 1355,1465 1400,1465 1444,1465 1489,1465 1507,1465"/>
                <TextEquiv>
                    <Unicode>más bellas con tan rico atrezzo.</Unicode>
                </TextEquiv>
            </TextLine>
            <TextEquiv>
                <Unicode></Unicode>
            </TextEquiv>
        </TextRegion>
        <TextRegion id="tr_1761395405" custom="readingOrder {index:3;}">
            <Coords points="846,1681 2080,1681 2080,1817 846,1817"/>
            <TextLine id="tr_1761395405_tl_1" custom="readingOrder {index:0;}">
                <Coords points="889,1722 1209,1728 1203,1781 889,1772"/>
                <Baseline points="889,1767 934,1767 979,1770 1024,1773 1068,1773 1113,1773 1158,1773 1203,1776 1209,1773"/>
                <TextEquiv>
                    <Unicode>San Juan.</Unicode>
                </TextEquiv>
            </TextLine>
            <TextLine id="tr_1761395405_tl_2" custom="readingOrder {index:1;}">
                <Coords points="1379,1725 2003,1743 2003,1793 1379,1775"/>
                <Baseline points="1379,1770 1424,1776 1468,1779 1513,1779 1558,1782 1603,1782 1648,1782 1692,1782 1737,1785 1782,1785 1827,1785 1871,1788 1916,1788 1961,1788 2003,1788"/>
                <TextEquiv>
                    <Unicode>Puerto Rico.</Unicode>
                </TextEquiv>
            </TextLine>
            <TextEquiv>
                <Unicode></Unicode>
            </TextEquiv>
        </TextRegion>
        <TextRegion id="tr_1761395403" custom="readingOrder {index:4;}">
            <Coords points="415,1961 2088,1961 2088,2223 415,2223"/>
            <TextLine id="tr_1761395403_tl_1" custom="readingOrder {index:0;}">
                <Coords points="764,2062 1716,2089 1716,2139 764,2112"/>
                <Baseline points="764,2107 809,2110 853,2113 898,2113 943,2113 988,2113 1032,2113 1077,2119 1122,2119 1167,2119 1212,2125 1256,2125 1301,2128 1346,2128 1391,2128 1436,2128 1480,2128 1525,2128 1570,2131 1615,2131 1659,2131 1704,2131 1716,2134"/>
                <TextEquiv>
                    <Unicode>DESPIELL</Unicode>
                </TextEquiv>
            </TextLine>
            <TextEquiv>
                <Unicode></Unicode>
            </TextEquiv>
        </TextRegion>
        <TextRegion id="tr_1761395401" custom="readingOrder {index:5;}">
            <Coords points="416,2327 2026,2327 2026,2793 416,2793"/>
            <TextLine id="tr_1761395401_tl_1" custom="readingOrder {index:0;}">
                <Coords points="728,2379 1731,2403 1731,2453 728,2429"/>
                <Baseline points="728,2424 773,2427 818,2430 862,2433 907,2433 952,2433 997,2433 1041,2433 1086,2436 1131,2436 1176,2439 1221,2436 1265,2436 1310,2439 1355,2439 1400,2442 1444,2442 1489,2442 1534,2442 1579,2442 1624,2442 1668,2445 1713,2445 1731,2448"/>
                <TextEquiv>
                    <Unicode>CLASES DE ARIIMELICA Y ALOEBRA</Unicode>
                </TextEquiv>
            </TextLine>
            <TextLine id="tr_1761395401_tl_2" custom="readingOrder {index:1;}">
                <Coords points="644,2450 1821,2474 1821,2524 644,2500"/>
                <Baseline points="644,2495 689,2498 734,2495 779,2498 824,2501 868,2504 913,2504 958,2504 1003,2504 1047,2501 1092,2504 1137,2504 1182,2504 1227,2507 1271,2507 1316,2507 1361,2507 1406,2510 1450,2510 1495,2513 1540,2516 1585,2516 1630,2516 1674,2516 1719,2516 1764,2516 1809,2516 1821,2519"/>
                <TextEquiv>
                    <Unicode>PAIA LOS ESTUDIANTES</Unicode>
                </TextEquiv>
            </TextLine>
            <TextLine id="tr_1761395401_tl_3" custom="readingOrder {index:2;}">
                <Coords points="901,2531 1558,2552 1558,2602 901,2581"/>
                <Baseline points="901,2576 946,2582 991,2582 1035,2585 1080,2585 1125,2585 1170,2588 1215,2591 1259,2588 1304,2591 1349,2591 1394,2591 1439,2591 1483,2594 1528,2594 1558,2597"/>
                <TextEquiv>
                    <Unicode>IS PANOL</Unicode>
                </TextEquiv>
            </TextLine>
            <TextLine id="tr_1761395401_tl_4" custom="readingOrder {index:3;}">
                <Coords points="692,2591 1755,2612 1755,2662 692,2641"/>
                <Baseline points="692,2636 737,2639 782,2642 826,2642 871,2642 916,2645 961,2645 1006,2648 1050,2648 1095,2648 1140,2648 1185,2648 1230,2651 1274,2654 1319,2651 1364,2654 1409,2654 1453,2654 1498,2654 1543,2657 1588,2657 1633,2657 1677,2657 1722,2657 1755,2657"/>
                <TextEquiv>
                    <Unicode>PARA LOS AMERICANOS</Unicode>
                </TextEquiv>
            </TextLine>
            <TextLine id="tr_1761395401_tl_5" custom="readingOrder {index:4;}">
                <Coords points="868,2668 1573,2683 1573,2733 868,2718"/>
                <Baseline points="868,2713 913,2713 958,2716 1003,2716 1047,2719 1092,2719 1137,2722 1182,2719 1227,2722 1271,2722 1316,2722 1361,2725 1406,2722 1450,2725 1495,2725 1540,2725 1573,2728"/>
                <TextEquiv>
                    <Unicode>Por ANA ROQUE DE DUPREY</Unicode>
                </TextEquiv>
            </TextLine>
            <TextLine id="tr_1761395401_tl_6" custom="readingOrder {index:5;}">
                <Coords points="465,2725 731,2731 731,2781 465,2775"/>
                <Baseline points="465,2770 510,2770 555,2773 600,2773 644,2773 689,2773 731,2776"/>
                <TextEquiv>
                    <Unicode>Rio Piedras.</Unicode>
                </TextEquiv>
            </TextLine>
            <TextLine id="tr_1761395401_tl_7" custom="readingOrder {index:6;}">
                <Coords points="1698,2740 1982,2749 1982,2799 1698,2790"/>
                <Baseline points="1698,2785 1743,2788 1788,2791 1833,2794 1877,2794 1922,2794 1967,2794 1982,2794"/>
                <TextEquiv>
                    <Unicode>Puerto Rico.</Unicode>
                </TextEquiv>
            </TextLine>
            <TextEquiv>
                <Unicode></Unicode>
            </TextEquiv>
        </TextRegion>
        <TextRegion id="tr_1761395402" custom="readingOrder {index:6;}">
            <Coords points="992,3036 1493,3036 1493,3114 992,3114"/>
            <TextLine id="tr_1761395402_tl_1" custom="readingOrder {index:0;}">
                <Coords points="1038,3050 1444,3050 1444,3100 1038,3100"/>
                <Baseline points="1038,3095 1083,3095 1128,3095 1173,3095 1218,3095 1262,3095 1307,3095 1352,3093 1397,3095 1442,3095 1444,3095"/>
                <TextEquiv>
                    <Unicode>Ayuntamiento de Madrid</Unicode>
                </TextEquiv>
            </TextLine>
            <TextEquiv>
                <Unicode></Unicode>
            </TextEquiv>
        </TextRegion>
    </Page>
</PcGts>
