2479 3508
710 1731 1800 1796 FIAINOS HOWARD
507 2271 2036 2333 En Puerto Rico hay más de UN MILLAR en uso.
1071 2352 1495 2405 VISTENOS.
761 2468 1791 2524 SANCHEL MURALES & Co. Ino.
988 2531 1564 2587 LA CASA QUE VENDE LO MEJOR
1636 2644 2036 2697 Mayaguez.
1101 2647 1427 2703 Ponce.
513 2650 991 2712 San luan.
495 1865 2024 1924 CONOCIDOS ENTODAS PARTES DEL MUNDO
686 1937 1851 1999 Elogiados por los Artistas más Famosos.
501 2038 2027 2097 Fabricados especialmente para los países Tropicales.
612 2116 1934 2175 El HOWARD es el piano elegido por la ma¬
615 2188 1937 2256 voría de los grandes Conservatorios de música
1143 3092 1450 3145 amiento de Madrid
