2479 3508
570 662 1812 724 IO I
725 823 1600 882 P. G Co.
603 1477 1737 1533 Artículos que se recomiendan por si solos.
409 1567 1928 1626 TRALES. FALDAS. KIMONAS, BLUSAS, BATAS, ABANICOS, SOMBRILLAS,
364 1641 1928 1700 SOMBREROS ELEGANTISIMOS, VELOS PARA LA CARA, GUANTES, CINTAS
356 1721 1991 1782 ENCAIES, BORDADOS, ADORNOS DE TODAS CLASES, CAMISAS DE HILO R.
647 1895 1683 1945 ONTOS pana negalo
388 1794 1928 1850 ESPANOLAS, COR ES, PANUELOS, TELAS FINAS DE SEDA Y ALCODON
850 1985 1465 2038 TODO NUEVO, PRIMOROSO.
841 2068 1477 2127 TODO CHICA TODO PRECIOSO,
573 2182 1731 2241 VENGA UD. Y LO VERA.
1537 2244 1624 2294 ene
388 2385 2012 2444 "HERALDO DE LA MUJER", es el periódico femenino por excelencia. El visita los hogares
322 2459 2009 2515 de las mujeres más cultas, y de los hombres más ilustrados. Toda puertorriqueña debe ser suscrip¬
316 2528 1734 2584 cora del periódico que coadyuva a la cultura de la mujer, y defende sus derechos.
391 2600 2012 2650 Es deber de la mujer moderna ilustrarse y vivir con su época y con su siglo. Y es deber del
319 2671 1012 2724 hombre ayudarla en tan nobles empeños.
322 2785 1149 2841 SIIIIIIIIIIIIIIIIIIIIIIIIIIIIIIIIIIIIIIII.
406 2856 1068 2906 Boletín Histórico de Puerto Rico
1250 2794 2015 2847 Redactado por nuestro historiador Dr. Cayetano
1185 2836 1970 2889 con y roste, contiene la Historia de Puerto Rico.
1247 2880 2009 2933 podrá faltar obra tan interesante en la biblo¬
1032 2913 1782 2975 PRER eca de un intelecual puertorriqueño,
1910 2922 2006 2975 Aque¬
