2479 3508
812 752 1800 805 ILLINA
477 1014 1955 1067 DE IVERE PARA LA DELLO MA
650 1208 1973 1261 Debido al gran éxito que hemos alcanzado con nuestra Pomada
489 1292 1967 1345 Cutánea FELITA en la leración de las pecas y manchas del cutis, han em¬
483 1379 1967 1432 pezado va a lanzarse al mercado muchas DMITACIONES de nuestro pro¬
483 1462 1967 1515 ducto con nombres más o menos sugestivos; pero en beneficio de nuestra
483 1546 1961 1602 numerosa clientela nos apresuramos a advertirle que no acepte bajo nin¬
462 1635 1289 1685 gún concento SISTITITOS de nuestra
620 1820 1773 1879 POmada El
498 1955 1973 2005 pues de seguro no obtendrán el resultado satisfactorio que obtienen con la
483 2032 2000 2088 muestr. Muchas CREMAS CUTANEAS debido á los ingredientes que
489 2119 1982 2172 entran en su ellaboración HACEN SALIR VELLOS en el cutis los cuales
492 2206 1716 2259 como es muy sabido afean notablemente el rostro femenino.
695 2719 1833 2781 HIA DIAL PU U.
818 2827 1656 2883 JUANA DIAZ, PTO RICO.
489 2367 1952 2417 Si su farmacentico no tiene la Pomada "LELLIA
931 2453 1528 2506 Pidala directamente;
444 2961 2036 3011 IIIIIIIIIIIIIIIIIIIIIIIIIIIIIIIIIIIIIIIIIIIIIIIIIIIIIIIIIIIIIIIIIIIIIIIIIIIIIIIIIIIIIIIIIIIIIIIIIIIIIIIIIIIIIIIIIII.
1044 3092 1442 3145 Ayuntamiento de Madrid
