<?xml version="1.0" encoding="UTF-8" standalone="yes"?>
<PcGts xmlns="http://schema.primaresearch.org/PAGE/gts/pagecontent/2013-07-15" xmlns:xsi="http://www.w3.org/2001/XMLSchema-instance" xsi:schemaLocation="http://schema.primaresearch.org/PAGE/gts/pagecontent/2013-07-15 http://schema.primaresearch.org/PAGE/gts/pagecontent/2013-07-15/pagecontent.xsd">
    <Metadata>
        <Creator>prov=READ-COOP:name=PyLaia@TranskribusPlatform:version=2.33.0:model_id=421621:lm=provided:date=30_10_2025_00:41</Creator>
        <Created>2025-10-25T14:29:49.882978</Created>
        <LastChange>2025-10-30T00:41:11.081+01:00</LastChange>
        <TranskribusMetadata docId="11369120" pageId="104387669" pageNr="4" tsid="259291056" status="IN_PROGRESS" userId="30120" imgUrl="https://files.transkribus.eu/Get?fileType=view&amp;id=QVUVZUATHTAMCGYYOXZJQSWP" xmlUrl="https://files.transkribus.eu/Get?id=LZQKCLLXIDDYRKZJUEVICZLB" imageId="87597455"/>
    </Metadata>
    <Page imageFilename="0004_p004.jpg" imageWidth="2479" imageHeight="3508">
        <ReadingOrder>
            <OrderedGroup id="ro_1781166799326" caption="Regions reading order">
                <RegionRefIndexed index="0" regionRef="tr_1761395408"/>
                <RegionRefIndexed index="1" regionRef="tr_1761395402"/>
                <RegionRefIndexed index="2" regionRef="tr_1761395404"/>
                <RegionRefIndexed index="3" regionRef="tr_1761395407"/>
                <RegionRefIndexed index="4" regionRef="tr_1761395405"/>
                <RegionRefIndexed index="5" regionRef="tr_1761395409"/>
                <RegionRefIndexed index="6" regionRef="tr_1761395406"/>
                <RegionRefIndexed index="7" regionRef="tr_1761395399"/>
                <RegionRefIndexed index="8" regionRef="tr_1761395400"/>
                <RegionRefIndexed index="9" regionRef="tr_1761395401"/>
                <RegionRefIndexed index="10" regionRef="tr_1761395403"/>
            </OrderedGroup>
        </ReadingOrder>
        <TextRegion id="tr_1761395408" custom="readingOrder {index:0;}">
            <Coords points="341,452 579,452 579,540 341,540"/>
            <TextEquiv>
                <Unicode></Unicode>
            </TextEquiv>
        </TextRegion>
        <TextRegion id="tr_1761395402" custom="readingOrder {index:1;}">
            <Coords points="438,456 1996,456 1996,544 438,544"/>
            <TextLine id="tr_1761395402_tl_1" custom="readingOrder {index:0;}">
                <Coords points="943,477 1442,471 1442,521 943,527"/>
                <Baseline points="943,522 949,522 994,522 1038,519 1083,519 1128,516 1173,516 1218,516 1262,516 1307,516 1352,516 1397,516 1442,516"/>
                <TextEquiv>
                    <Unicode>HERALDO DE LA MUJER.</Unicode>
                </TextEquiv>
            </TextLine>
            <TextEquiv>
                <Unicode></Unicode>
            </TextEquiv>
        </TextRegion>
        <TextRegion id="tr_1761395404" custom="readingOrder {index:2;}">
            <Coords points="331,551 1978,551 1978,957 331,957"/>
            <TextLine id="tr_1761395404_tl_1" custom="readingOrder {index:0;}">
                <Coords points="379,614 2063,617 2063,667 379,664"/>
                <Baseline points="379,659 423,656 468,656 513,659 558,659 603,656 647,659 692,659 737,659 782,656 826,656 871,659 916,659 961,659 1006,656 1050,656 1095,653 1140,656 1185,656 1230,653 1274,653 1319,653 1364,653 1409,653 1453,656 1498,656 1543,653 1588,656 1633,656 1677,656 1722,656 1767,656 1812,656 1857,653 1901,653 1946,653 1991,656 2036,662 2063,662"/>
                <TextEquiv>
                    <Unicode>NUELAS PUERTORRIQUENA</Unicode>
                </TextEquiv>
            </TextLine>
            <TextLine id="tr_1761395404_tl_2" custom="readingOrder {index:1;}">
                <Coords points="1027,695 1206,686 1406,701 1406,751 1206,736 1027,745"/>
                <Baseline points="1027,740 1071,734 1116,731 1161,731 1206,731 1250,734 1295,737 1340,740 1385,746 1406,746"/>
                <TextEquiv>
                    <Unicode>E POR E¬</Unicode>
                </TextEquiv>
            </TextLine>
            <TextLine id="tr_1761395404_tl_3" custom="readingOrder {index:2;}">
                <Coords points="761,790 1674,787 1674,837 761,840"/>
                <Baseline points="761,835 779,838 824,838 868,835 913,835 958,835 1003,835 1047,835 1092,835 1137,835 1182,835 1227,835 1271,832 1316,832 1361,832 1406,832 1450,829 1495,832 1540,829 1585,829 1630,829 1674,832"/>
                <TextEquiv>
                    <Unicode>ANA ROOUE DE DUPREY</Unicode>
                </TextEquiv>
            </TextLine>
            <TextEquiv>
                <Unicode></Unicode>
            </TextEquiv>
        </TextRegion>
        <TextRegion id="tr_1761395407" custom="readingOrder {index:3;}">
            <Coords points="391,859 1271,859 1271,1798 391,1798"/>
            <TextLine id="tr_1761395407_tl_1" custom="readingOrder {index:0;}">
                <Coords points="391,913 1400,910 1400,960 391,963"/>
                <Baseline points="391,958 414,961 459,961 504,961 549,961 594,961 638,961 683,958 728,958 773,961 818,961 862,961 907,958 952,958 997,958 1041,958 1086,958 1131,958 1176,958 1221,955 1265,955 1310,958 1355,955 1400,955"/>
                <TextEquiv>
                    <Unicode>En dos elegantes tomitos se publicarán las siguentes:</Unicode>
                </TextEquiv>
            </TextLine>
            <TextLine id="tr_1761395407_tl_2" custom="readingOrder {index:1;}">
                <Coords points="453,1026 1021,1029 1021,1079 453,1076"/>
                <Baseline points="453,1071 498,1071 543,1071 588,1071 632,1071 677,1071 722,1071 767,1071 812,1071 856,1071 901,1074 946,1071 991,1071 1021,1074"/>
                <TextEquiv>
                    <Unicode>EL REY DEL MUNDO (Premiada)</Unicode>
                </TextEquiv>
            </TextLine>
            <TextLine id="tr_1761395407_tl_3" custom="readingOrder {index:2;}">
                <Coords points="462,1086 749,1089 749,1139 462,1136"/>
                <Baseline points="462,1131 507,1134 552,1134 597,1134 641,1134 686,1134 731,1134 749,1134"/>
                <TextEquiv>
                    <Unicode>LUZ Y SOMBRA</Unicode>
                </TextEquiv>
            </TextLine>
            <TextLine id="tr_1761395407_tl_4" custom="readingOrder {index:3;}">
                <Coords points="465,1149 985,1155 985,1205 958,1208 465,1199"/>
                <Baseline points="465,1194 510,1194 555,1197 600,1197 644,1197 689,1197 734,1197 779,1197 824,1200 868,1200 913,1200 958,1203 985,1200"/>
                <TextEquiv>
                    <Unicode>LAS HIAS DEL SOL Cuento.</Unicode>
                </TextEquiv>
            </TextLine>
            <TextLine id="tr_1761395407_tl_5" custom="readingOrder {index:4;}">
                <Coords points="459,1214 776,1220 776,1270 459,1264"/>
                <Baseline points="459,1259 504,1262 549,1259 594,1259 638,1259 683,1259 728,1262 773,1265 776,1265"/>
                <TextEquiv>
                    <Unicode>ANDINA Cuento</Unicode>
                </TextEquiv>
            </TextLine>
            <TextLine id="tr_1761395407_tl_6" custom="readingOrder {index:5;}">
                <Coords points="459,1277 1021,1286 1021,1336 459,1327"/>
                <Baseline points="459,1322 504,1322 549,1322 594,1322 638,1322 683,1322 728,1322 773,1325 818,1325 862,1325 907,1322 952,1325 997,1328 1021,1331"/>
                <TextEquiv>
                    <Unicode>LA VIRGEN DEL MAR CLevenda)</Unicode>
                </TextEquiv>
            </TextLine>
            <TextLine id="tr_1761395407_tl_7" custom="readingOrder {index:6;}">
                <Coords points="462,1343 892,1343 892,1393 462,1393"/>
                <Baseline points="462,1388 507,1388 552,1388 597,1388 641,1385 686,1388 731,1385 776,1388 821,1385 865,1385 892,1388"/>
                <TextEquiv>
                    <Unicode>EL RAMO DE ACINTOS</Unicode>
                </TextEquiv>
            </TextLine>
            <TextLine id="tr_1761395407_tl_8" custom="readingOrder {index:7;}">
                <Coords points="465,1402 856,1405 856,1455 465,1452"/>
                <Baseline points="465,1447 510,1447 555,1447 600,1447 644,1447 689,1447 734,1450 779,1447 824,1450 856,1450"/>
                <TextEquiv>
                    <Unicode>GOOD BYE FOREVER</Unicode>
                </TextEquiv>
            </TextLine>
            <TextLine id="tr_1761395407_tl_9" custom="readingOrder {index:8;}">
                <Coords points="459,1468 1215,1471 1215,1521 459,1518"/>
                <Baseline points="459,1513 504,1513 549,1513 594,1513 638,1513 683,1510 728,1513 773,1510 818,1510 862,1513 907,1513 952,1513 997,1513 1041,1516 1086,1516 1131,1516 1176,1516 1215,1516"/>
                <TextEquiv>
                    <Unicode>EL SECRETO DE INA SOLTERA (Premiada)</Unicode>
                </TextEquiv>
            </TextLine>
            <TextLine id="tr_1761395407_tl_10" custom="readingOrder {index:9;}">
                <Coords points="522,1573 1955,1576 1955,1626 522,1623"/>
                <Baseline points="522,1618 567,1615 612,1615 656,1618 701,1618 746,1618 791,1618 835,1618 880,1618 925,1621 970,1621 1015,1621 1059,1621 1104,1621 1149,1621 1194,1621 1238,1621 1283,1621 1328,1618 1373,1621 1418,1621 1462,1621 1507,1621 1552,1621 1597,1621 1642,1621 1686,1621 1731,1621 1776,1621 1821,1621 1865,1621 1910,1621 1955,1621"/>
                <TextEquiv>
                    <Unicode>El 30 por 100 del producto de cada tomo se dedicará a obras de beneficencia.</Unicode>
                </TextEquiv>
            </TextLine>
            <TextLine id="tr_1761395407_tl_11" custom="readingOrder {index:10;}">
                <Coords points="391,1689 1982,1686 1982,1736 391,1739"/>
                <Baseline points="391,1734 414,1731 459,1731 504,1731 549,1731 594,1731 638,1731 683,1731 728,1731 773,1731 818,1731 862,1731 907,1731 952,1731 997,1731 1041,1731 1086,1731 1131,1731 1176,1731 1221,1731 1265,1731 1310,1731 1355,1731 1400,1731 1444,1731 1489,1731 1534,1731 1579,1731 1624,1731 1668,1734 1713,1734 1758,1731 1803,1734 1848,1731 1892,1731 1937,1731 1982,1731"/>
                <TextEquiv>
                    <Unicode>para ayudar con algo a la implantación de la Casa Reformatoria de jóvenes desamparados.</Unicode>
                </TextEquiv>
            </TextLine>
            <TextLine id="tr_1761395407_tl_12" custom="readingOrder {index:11;}">
                <Coords points="525,1740 1827,1746 1827,1796 525,1790"/>
                <Baseline points="525,1785 570,1785 615,1785 659,1785 704,1785 749,1785 794,1785 838,1788 883,1785 928,1788 973,1785 1018,1785 1062,1788 1107,1788 1152,1788 1197,1788 1241,1788 1286,1788 1331,1788 1376,1788 1421,1788 1465,1788 1510,1788 1555,1788 1600,1788 1645,1788 1689,1788 1734,1788 1779,1788 1824,1791 1827,1791"/>
                <TextEquiv>
                    <Unicode>Las personas que deseen suscribirse al primer tomo, se servirán avisarlo.</Unicode>
                </TextEquiv>
            </TextLine>
            <TextEquiv>
                <Unicode></Unicode>
            </TextEquiv>
        </TextRegion>
        <TextRegion id="tr_1761395405" custom="readingOrder {index:4;}">
            <Coords points="571,1893 1933,1893 1933,1996 571,1996"/>
            <TextLine id="tr_1761395405_tl_1" custom="readingOrder {index:0;}">
                <Coords points="695,1919 1749,1925 1749,1975 695,1969"/>
                <Baseline points="695,1964 740,1967 785,1967 829,1964 874,1967 919,1964 964,1967 1009,1967 1053,1967 1098,1967 1143,1970 1188,1967 1233,1967 1277,1967 1322,1967 1367,1967 1412,1967 1456,1964 1501,1967 1546,1970 1591,1970 1636,1970 1680,1970 1725,1970 1749,1970"/>
                <TextEquiv>
                    <Unicode>SU PRECIO SERA UN DOLLAR</Unicode>
                </TextEquiv>
            </TextLine>
            <TextEquiv>
                <Unicode></Unicode>
            </TextEquiv>
        </TextRegion>
        <TextRegion id="tr_1761395409" custom="readingOrder {index:5;}">
            <Coords points="1223,938 2044,938 2044,1975 1223,1975"/>
            <TextLine id="tr_1761395409_tl_1" custom="readingOrder {index:0;}">
                <Coords points="1379,1020 1767,1017 1767,1067 1379,1070"/>
                <Baseline points="1379,1065 1409,1065 1453,1068 1498,1065 1543,1065 1588,1065 1633,1065 1677,1065 1722,1065 1767,1062"/>
                <TextEquiv>
                    <Unicode>FLOR DEL PANTANO</Unicode>
                </TextEquiv>
            </TextLine>
            <TextLine id="tr_1761395409_tl_2" custom="readingOrder {index:1;}">
                <Coords points="1382,1092 1976,1089 1976,1139 1382,1142"/>
                <Baseline points="1382,1137 1394,1137 1439,1137 1483,1137 1528,1137 1573,1134 1618,1134 1662,1134 1707,1134 1752,1131 1797,1131 1842,1134 1886,1134 1931,1134 1976,1134"/>
                <TextEquiv>
                    <Unicode>UNA LECCION DE ASTRONOMIA</Unicode>
                </TextEquiv>
            </TextLine>
            <TextLine id="tr_1761395409_tl_3" custom="readingOrder {index:2;}">
                <Coords points="1379,1155 1973,1155 1973,1205 1379,1205"/>
                <Baseline points="1379,1200 1424,1200 1468,1200 1513,1200 1558,1200 1603,1197 1648,1197 1692,1197 1737,1197 1782,1197 1827,1197 1871,1197 1916,1197 1961,1197 1973,1200"/>
                <TextEquiv>
                    <Unicode>LA SERENATA DE LOS ANGELES</Unicode>
                </TextEquiv>
            </TextLine>
            <TextLine id="tr_1761395409_tl_4" custom="readingOrder {index:3;}">
                <Coords points="1379,1217 1955,1220 1955,1270 1379,1267"/>
                <Baseline points="1379,1262 1424,1262 1468,1262 1513,1262 1558,1262 1603,1262 1648,1262 1692,1259 1737,1259 1782,1259 1827,1259 1871,1262 1916,1262 1955,1265"/>
                <TextEquiv>
                    <Unicode>EL HADA DEL SORATA CCuento)</Unicode>
                </TextEquiv>
            </TextLine>
            <TextLine id="tr_1761395409_tl_5" custom="readingOrder {index:4;}">
                <Coords points="1388,1280 1585,1277 1585,1327 1388,1330"/>
                <Baseline points="1388,1325 1406,1322 1450,1325 1495,1325 1540,1325 1585,1322"/>
                <TextEquiv>
                    <Unicode>FIABELLA</Unicode>
                </TextEquiv>
            </TextLine>
            <TextLine id="tr_1761395409_tl_6" custom="readingOrder {index:5;}">
                <Coords points="1388,1340 1865,1343 1865,1393 1388,1390"/>
                <Baseline points="1388,1385 1433,1385 1477,1388 1522,1388 1567,1388 1612,1388 1656,1388 1701,1388 1746,1388 1791,1388 1836,1388 1865,1388"/>
                <TextEquiv>
                    <Unicode>IN LANCE DE CARNAVAL</Unicode>
                </TextEquiv>
            </TextLine>
            <TextLine id="tr_1761395409_tl_7" custom="readingOrder {index:6;}">
                <Coords points="1379,1402 1582,1405 1582,1455 1379,1452"/>
                <Baseline points="1379,1447 1424,1447 1468,1450 1513,1450 1558,1453 1582,1450"/>
                <TextEquiv>
                    <Unicode>SINALMA</Unicode>
                </TextEquiv>
            </TextLine>
            <TextLine id="tr_1761395409_tl_8" custom="readingOrder {index:7;}">
                <Coords points="1388,1468 1970,1474 1970,1524 1388,1518"/>
                <Baseline points="1388,1513 1433,1516 1477,1513 1522,1513 1567,1510 1612,1513 1656,1516 1701,1516 1746,1513 1791,1516 1836,1516 1880,1516 1925,1516 1970,1519"/>
                <TextEquiv>
                    <Unicode>LA FIESTA DE REYES (Premiada)</Unicode>
                </TextEquiv>
            </TextLine>
            <TextLine id="tr_1761395409_tl_9" custom="readingOrder {index:8;}">
                <Coords points="519,1629 2039,1635 2039,1685 519,1679"/>
                <Baseline points="519,1674 564,1674 609,1674 653,1674 698,1674 743,1671 788,1674 832,1674 877,1674 922,1674 967,1677 1012,1674 1056,1674 1101,1674 1146,1674 1191,1674 1236,1674 1280,1674 1325,1674 1370,1674 1415,1674 1459,1677 1504,1677 1549,1674 1594,1674 1639,1674 1683,1674 1728,1674 1773,1674 1818,1674 1862,1674 1907,1674 1952,1677 1997,1677 2039,1680"/>
                <TextEquiv>
                    <Unicode>Lo que corresponda al primer tomo, será entregado al Instituto de Bienestar Social,</Unicode>
                </TextEquiv>
            </TextLine>
            <TextEquiv>
                <Unicode></Unicode>
            </TextEquiv>
        </TextRegion>
        <TextRegion id="tr_1761395406" custom="readingOrder {index:6;}">
            <Coords points="1330,992 2050,992 2050,1575 1330,1575"/>
            <TextEquiv>
                <Unicode></Unicode>
            </TextEquiv>
        </TextRegion>
        <TextRegion id="tr_1761395399" custom="readingOrder {index:7;}">
            <Coords points="851,2134 1683,2134 1683,2253 851,2253"/>
            <TextLine id="tr_1761395399_tl_1" custom="readingOrder {index:0;}">
                <Coords points="967,2170 1471,2170 1471,2220 967,2220"/>
                <Baseline points="967,2215 1012,2215 1056,2215 1101,2215 1146,2212 1191,2212 1236,2212 1280,2215 1325,2215 1370,2212 1415,2212 1459,2215 1471,2215"/>
                <TextEquiv>
                    <Unicode>ATENCION</Unicode>
                </TextEquiv>
            </TextLine>
            <TextEquiv>
                <Unicode></Unicode>
            </TextEquiv>
        </TextRegion>
        <TextRegion id="tr_1761395400" custom="readingOrder {index:8;}">
            <Coords points="996,3034 1459,3034 1459,3126 996,3126"/>
            <TextLine id="tr_1761395400_tl_1" custom="readingOrder {index:0;}">
                <Coords points="1050,3056 1436,3056 1436,3106 1050,3106"/>
                <Baseline points="1050,3101 1095,3101 1140,3101 1185,3101 1230,3101 1274,3101 1319,3101 1364,3101 1409,3101 1436,3101"/>
                <TextEquiv>
                    <Unicode>Ayuntamiento de Madrid</Unicode>
                </TextEquiv>
            </TextLine>
            <TextEquiv>
                <Unicode></Unicode>
            </TextEquiv>
        </TextRegion>
        <TextRegion id="tr_1761395401" custom="readingOrder {index:9;}">
            <Coords points="339,2253 2129,2253 2129,2847 339,2847"/>
            <TextLine id="tr_1761395401_tl_1" custom="readingOrder {index:0;}">
                <Coords points="519,2271 2042,2271 2042,2321 1997,2324 519,2321"/>
                <Baseline points="519,2316 564,2313 609,2313 653,2316 698,2316 743,2316 788,2316 832,2316 877,2313 922,2316 967,2316 1012,2316 1056,2316 1101,2313 1146,2313 1191,2313 1236,2316 1280,2313 1325,2316 1370,2313 1415,2316 1459,2313 1504,2316 1549,2313 1594,2313 1639,2313 1683,2316 1728,2316 1773,2316 1818,2316 1862,2316 1907,2316 1952,2316 1997,2319 2042,2316"/>
                <TextEquiv>
                    <Unicode>Se suplica á las personas a quienes se les ha enviado el periódico y lo han aceptado re¬</Unicode>
                </TextEquiv>
            </TextLine>
            <TextLine id="tr_1761395401_tl_2" custom="readingOrder {index:1;}">
                <Coords points="388,2319 2042,2319 2042,2369 2000,2372 388,2369"/>
                <Baseline points="388,2364 432,2361 477,2361 522,2364 567,2364 612,2364 656,2361 701,2364 746,2361 791,2361 835,2364 880,2364 925,2361 970,2364 1015,2364 1059,2364 1104,2364 1149,2361 1194,2364 1238,2361 1283,2364 1328,2364 1373,2364 1418,2364 1462,2364 1507,2364 1552,2364 1597,2364 1642,2367 1686,2364 1731,2367 1776,2367 1821,2367 1865,2364 1910,2367 1955,2367 2000,2367 2042,2364"/>
                <TextEquiv>
                    <Unicode>teniéndolo, remitan el importe de la subscripción, para poder atender a los gastos de in¬</Unicode>
                </TextEquiv>
            </TextLine>
            <TextLine id="tr_1761395401_tl_3" custom="readingOrder {index:2;}">
                <Coords points="388,2373 1462,2367 1462,2417 388,2423"/>
                <Baseline points="388,2418 432,2415 477,2415 522,2415 567,2415 612,2412 656,2412 701,2412 746,2412 791,2412 835,2412 880,2412 925,2415 970,2412 1015,2409 1059,2412 1104,2412 1149,2412 1194,2415 1238,2415 1283,2412 1328,2412 1373,2409 1418,2412 1462,2412"/>
                <TextEquiv>
                    <Unicode>prenta que por las circunstancias actuales, son muy crecidos.</Unicode>
                </TextEquiv>
            </TextLine>
            <TextLine id="tr_1761395401_tl_4" custom="readingOrder {index:3;}">
                <Coords points="519,2424 2048,2427 2048,2477 519,2474"/>
                <Baseline points="519,2469 564,2472 609,2466 653,2466 698,2466 743,2466 788,2469 832,2469 877,2469 922,2469 967,2466 1012,2469 1056,2469 1101,2469 1146,2466 1191,2469 1236,2469 1280,2469 1325,2469 1370,2469 1415,2469 1459,2472 1504,2472 1549,2472 1594,2472 1639,2472 1683,2472 1728,2469 1773,2469 1818,2472 1862,2472 1907,2472 1952,2472 1997,2472 2042,2472 2048,2472"/>
                <TextEquiv>
                    <Unicode>A las señoras que les hemos enviado recibos esperamos de su corrrección y honora¬</Unicode>
                </TextEquiv>
            </TextLine>
            <TextLine id="tr_1761395401_tl_5" custom="readingOrder {index:4;}">
                <Coords points="394,2471 919,2474 919,2524 394,2521"/>
                <Baseline points="394,2516 438,2519 483,2519 528,2519 573,2519 618,2519 662,2516 707,2519 752,2516 797,2519 841,2516 886,2519 919,2519"/>
                <TextEquiv>
                    <Unicode>bilidad, los satisfagan pronto.</Unicode>
                </TextEquiv>
            </TextLine>
            <TextLine id="tr_1761395401_tl_6" custom="readingOrder {index:5;}">
                <Coords points="522,2528 2045,2534 2045,2584 522,2578"/>
                <Baseline points="522,2573 567,2573 612,2573 656,2570 701,2573 746,2573 791,2573 835,2573 880,2573 925,2573 970,2573 1015,2573 1059,2576 1104,2573 1149,2576 1194,2576 1238,2573 1283,2576 1328,2576 1373,2576 1418,2576 1462,2576 1507,2576 1552,2576 1597,2576 1642,2576 1686,2576 1731,2579 1776,2576 1821,2579 1865,2579 1910,2579 1955,2579 2000,2579 2045,2579"/>
                <TextEquiv>
                    <Unicode>Los que recibieren este periódico y no lo devuelvan, o avisen de su no aceptación, se</Unicode>
                </TextEquiv>
            </TextLine>
            <TextLine id="tr_1761395401_tl_7" custom="readingOrder {index:6;}">
                <Coords points="382,2579 880,2579 880,2629 382,2629"/>
                <Baseline points="382,2624 426,2621 471,2624 516,2624 561,2624 606,2624 650,2624 695,2621 740,2621 785,2621 829,2621 874,2624 880,2624"/>
                <TextEquiv>
                    <Unicode>les considerará suscriptores.</Unicode>
                </TextEquiv>
            </TextLine>
            <TextLine id="tr_1761395401_tl_8" custom="readingOrder {index:7;}">
                <Coords points="522,2636 2039,2638 2039,2688 522,2686"/>
                <Baseline points="522,2681 567,2678 612,2678 656,2678 701,2678 746,2681 791,2681 835,2681 880,2681 925,2681 970,2681 1015,2681 1059,2681 1104,2681 1149,2681 1194,2681 1238,2681 1283,2681 1328,2681 1373,2681 1418,2681 1462,2681 1507,2681 1552,2683 1597,2681 1642,2683 1686,2683 1731,2683 1776,2681 1821,2681 1865,2681 1910,2683 1955,2683 2000,2683 2039,2683"/>
                <TextEquiv>
                    <Unicode>Sólo a personas que gozan de buena reputación por su honradez, o que conocemos,</Unicode>
                </TextEquiv>
            </TextLine>
            <TextLine id="tr_1761395401_tl_9" custom="readingOrder {index:8;}">
                <Coords points="382,2680 2042,2689 2042,2739 382,2730"/>
                <Baseline points="382,2725 426,2725 471,2725 516,2728 561,2728 606,2728 650,2725 695,2725 740,2725 785,2725 829,2725 874,2725 919,2728 964,2728 1009,2728 1053,2728 1098,2728 1143,2728 1188,2728 1233,2728 1277,2728 1322,2728 1367,2728 1412,2728 1456,2728 1501,2731 1546,2731 1591,2731 1636,2731 1680,2731 1725,2731 1770,2731 1815,2731 1859,2734 1904,2734 1949,2734 1994,2734 2039,2734 2042,2734"/>
                <TextEquiv>
                    <Unicode>nos decidimos a enviarselo, confiando en que no serán capaces de defrandar una empresa,</Unicode>
                </TextEquiv>
            </TextLine>
            <TextLine id="tr_1761395401_tl_10" custom="readingOrder {index:9;}">
                <Coords points="385,2725 1564,2737 1564,2787 385,2775"/>
                <Baseline points="385,2770 429,2776 474,2776 519,2776 564,2776 609,2776 653,2776 698,2776 743,2776 788,2776 832,2776 877,2776 922,2776 967,2776 1012,2779 1056,2776 1101,2779 1146,2779 1191,2779 1236,2779 1280,2779 1325,2779 1370,2779 1415,2779 1459,2779 1504,2779 1549,2779 1564,2782"/>
                <TextEquiv>
                    <Unicode>naciente y patriotica que debe protegerse en todo país civilizado.</Unicode>
                </TextEquiv>
            </TextLine>
            <TextEquiv>
                <Unicode></Unicode>
            </TextEquiv>
        </TextRegion>
        <TextRegion id="tr_1761395403" custom="readingOrder {index:10;}">
            <Coords points="1429,2815 2014,2815 2014,2892 1429,2892"/>
            <TextLine id="tr_1761395403_tl_1" custom="readingOrder {index:0;}">
                <Coords points="1477,2824 1949,2827 1949,2877 1477,2874"/>
                <Baseline points="1477,2869 1522,2869 1567,2872 1612,2869 1656,2872 1701,2869 1746,2869 1791,2872 1836,2872 1880,2872 1925,2872 1949,2872"/>
                <TextEquiv>
                    <Unicode>LA ADMINISTRACION.</Unicode>
                </TextEquiv>
            </TextLine>
            <TextEquiv>
                <Unicode></Unicode>
            </TextEquiv>
        </TextRegion>
    </Page>
</PcGts>
