<?xml version="1.0" encoding="UTF-8" standalone="yes"?>
<PcGts xmlns="http://schema.primaresearch.org/PAGE/gts/pagecontent/2013-07-15" xmlns:xsi="http://www.w3.org/2001/XMLSchema-instance" xsi:schemaLocation="http://schema.primaresearch.org/PAGE/gts/pagecontent/2013-07-15 http://schema.primaresearch.org/PAGE/gts/pagecontent/2013-07-15/pagecontent.xsd">
    <Metadata>
        <Creator>prov=READ-COOP:name=PyLaia@TranskribusPlatform:version=2.33.0:model_id=421621:lm=provided:date=30_10_2025_00:41</Creator>
        <Created>2025-10-25T14:29:49.882978</Created>
        <LastChange>2025-10-30T00:41:11.421+01:00</LastChange>
        <TranskribusMetadata docId="11369120" pageId="104387751" pageNr="6" tsid="259291058" status="IN_PROGRESS" userId="30120" imgUrl="https://files.transkribus.eu/Get?fileType=view&amp;id=UNVVCYFASHVDQOGSCXKAVFVY" xmlUrl="https://files.transkribus.eu/Get?id=CKIVDNTRZMQLAEFZMMKRCVLU" imageId="87597498"/>
    </Metadata>
    <Page imageFilename="0006_p006.jpg" imageWidth="2479" imageHeight="3508">
        <ReadingOrder>
            <OrderedGroup id="ro_1781166799892" caption="Regions reading order">
                <RegionRefIndexed index="0" regionRef="tr_1761395407"/>
                <RegionRefIndexed index="1" regionRef="tr_1761395406"/>
                <RegionRefIndexed index="2" regionRef="tr_1761395399"/>
                <RegionRefIndexed index="3" regionRef="tr_1761395398"/>
                <RegionRefIndexed index="4" regionRef="tr_1761395401"/>
                <RegionRefIndexed index="5" regionRef="tr_1761395404"/>
                <RegionRefIndexed index="6" regionRef="tr_1761395410"/>
                <RegionRefIndexed index="7" regionRef="tr_1761395400"/>
                <RegionRefIndexed index="8" regionRef="tr_1761395409"/>
                <RegionRefIndexed index="9" regionRef="tr_1761395411"/>
                <RegionRefIndexed index="10" regionRef="tr_1761395403"/>
                <RegionRefIndexed index="11" regionRef="tr_1761395405"/>
                <RegionRefIndexed index="12" regionRef="tr_1761395408"/>
                <RegionRefIndexed index="13" regionRef="tr_1761395402"/>
            </OrderedGroup>
        </ReadingOrder>
        <TextRegion id="tr_1761395407" custom="readingOrder {index:0;}">
            <Coords points="426,584 1599,584 1599,713 426,713"/>
            <TextEquiv>
                <Unicode></Unicode>
            </TextEquiv>
        </TextRegion>
        <TextRegion id="tr_1761395406" custom="readingOrder {index:1;}">
            <Coords points="773,583 2142,583 2142,727 773,727"/>
            <TextLine id="tr_1761395406_tl_1" custom="readingOrder {index:0;}">
                <Coords points="507,632 1985,635 1985,685 1895,688 507,682"/>
                <Baseline points="507,677 552,680 597,677 641,677 686,677 731,677 776,677 821,677 865,677 910,677 955,674 1000,677 1044,677 1089,677 1134,677 1179,677 1224,677 1268,677 1313,680 1358,677 1403,680 1447,680 1492,680 1537,680 1582,680 1627,680 1671,680 1716,680 1761,683 1806,683 1851,683 1895,683 1940,680 1985,680"/>
                <TextEquiv>
                    <Unicode>EL DICCIONARIO ENCICLOPEDICO HISPANO AMERICANO</Unicode>
                </TextEquiv>
            </TextLine>
            <TextEquiv>
                <Unicode></Unicode>
            </TextEquiv>
        </TextRegion>
        <TextRegion id="tr_1761395399" custom="readingOrder {index:2;}">
            <Coords points="336,1689 1248,1689 1248,2141 336,2141"/>
            <TextLine id="tr_1761395399_tl_1" custom="readingOrder {index:0;}">
                <Coords points="456,1671 1227,1671 1227,1721 456,1721"/>
                <Baseline points="456,1716 501,1719 546,1719 591,1719 635,1719 680,1719 725,1719 770,1719 815,1719 859,1719 904,1719 949,1719 994,1719 1038,1719 1083,1719 1128,1719 1173,1716 1218,1716 1227,1716"/>
                <TextEquiv>
                    <Unicode>Hemos leído este Diccionario Enciclopédico hoja por¬</Unicode>
                </TextEquiv>
            </TextLine>
            <TextLine id="tr_1761395399_tl_2" custom="readingOrder {index:1;}">
                <Coords points="388,1719 1218,1713 1218,1763 388,1769"/>
                <Baseline points="388,1764 412,1764 456,1764 501,1764 546,1764 591,1764 635,1761 680,1761 725,1761 770,1764 815,1764 859,1764 904,1761 949,1761 994,1764 1038,1761 1083,1761 1128,1761 1173,1761 1218,1758"/>
                <TextEquiv>
                    <Unicode>ma y sineramente ninamos que es un monumento de</Unicode>
                </TextEquiv>
            </TextLine>
            <TextLine id="tr_1761395399_tl_3" custom="readingOrder {index:2;}">
                <Coords points="391,1764 1224,1761 1224,1811 391,1814"/>
                <Baseline points="391,1809 417,1809 462,1809 507,1809 552,1806 597,1806 641,1806 686,1806 731,1806 776,1809 821,1806 865,1806 910,1806 955,1806 1000,1806 1044,1806 1089,1806 1134,1806 1179,1806 1224,1806"/>
                <TextEquiv>
                    <Unicode>vado á la cultura materna cada una de los sociones</Unicode>
                </TextEquiv>
            </TextLine>
            <TextLine id="tr_1761395399_tl_4" custom="readingOrder {index:3;}">
                <Coords points="385,1806 1221,1800 1221,1850 385,1856"/>
                <Baseline points="385,1851 414,1851 459,1848 504,1851 549,1851 594,1851 638,1851 683,1848 728,1851 773,1851 818,1848 862,1851 907,1848 952,1848 997,1848 1041,1848 1086,1848 1131,1848 1176,1848 1221,1845"/>
                <TextEquiv>
                    <Unicode>de los distintas materias que estinven los conocimien¬</Unicode>
                </TextEquiv>
            </TextLine>
            <TextLine id="tr_1761395399_tl_5" custom="readingOrder {index:4;}">
                <Coords points="382,1847 1224,1844 1224,1894 1179,1897 382,1897"/>
                <Baseline points="382,1892 417,1892 462,1895 507,1892 552,1892 597,1892 641,1892 686,1892 731,1892 776,1892 821,1892 865,1892 910,1892 955,1892 1000,1892 1044,1892 1089,1892 1134,1889 1179,1892 1224,1889"/>
                <TextEquiv>
                    <Unicode>los humanos el tratan, por una eniencia como le¬</Unicode>
                </TextEquiv>
            </TextLine>
            <TextLine id="tr_1761395399_tl_6" custom="readingOrder {index:5;}">
                <Coords points="382,1892 1221,1889 1221,1939 382,1942"/>
                <Baseline points="382,1937 414,1937 459,1937 504,1934 549,1934 594,1934 638,1937 683,1937 728,1934 773,1937 818,1937 862,1937 907,1934 952,1934 997,1934 1041,1934 1086,1934 1131,1934 1176,1931 1221,1934"/>
                <TextEquiv>
                    <Unicode>nandes pelato para la buenatura y motables sabios ingle¬</Unicode>
                </TextEquiv>
            </TextLine>
            <TextLine id="tr_1761395399_tl_7" custom="readingOrder {index:6;}">
                <Coords points="385,1934 1227,1934 1227,1984 385,1984"/>
                <Baseline points="385,1979 429,1982 474,1982 519,1979 564,1979 609,1979 653,1979 698,1979 743,1979 788,1979 832,1979 877,1979 922,1979 967,1979 1012,1979 1056,1979 1101,1976 1146,1976 1191,1976 1227,1979"/>
                <TextEquiv>
                    <Unicode>las fanos alumanos labios para la arrilecir.</Unicode>
                </TextEquiv>
            </TextLine>
            <TextLine id="tr_1761395399_tl_8" custom="readingOrder {index:7;}">
                <Coords points="382,1976 1221,1976 1221,2026 382,2026"/>
                <Baseline points="382,2021 426,2024 471,2024 516,2024 561,2024 606,2024 650,2024 695,2024 740,2024 785,2024 829,2024 874,2021 919,2021 964,2021 1009,2021 1053,2021 1098,2018 1143,2021 1188,2021 1221,2021"/>
                <TextEquiv>
                    <Unicode>altura ingeniera, química, pintura, mosos, ete ha¬</Unicode>
                </TextEquiv>
            </TextLine>
            <TextLine id="tr_1761395399_tl_9" custom="readingOrder {index:8;}">
                <Coords points="388,2020 1215,2020 1215,2070 388,2070"/>
                <Baseline points="388,2065 432,2068 477,2065 522,2065 567,2065 612,2065 656,2065 701,2065 746,2065 791,2065 835,2065 880,2065 925,2065 970,2065 1015,2065 1059,2063 1104,2063 1149,2063 1194,2065 1215,2065"/>
                <TextEquiv>
                    <Unicode>pendo sido un relación dirigida por los antemos y</Unicode>
                </TextEquiv>
            </TextLine>
            <TextLine id="tr_1761395399_tl_10" custom="readingOrder {index:9;}">
                <Coords points="385,2065 1027,2062 1027,2112 385,2115"/>
                <Baseline points="385,2110 400,2113 444,2110 489,2110 534,2110 579,2110 623,2110 668,2107 713,2107 758,2107 803,2107 847,2107 892,2107 937,2107 982,2107 1027,2107"/>
                <TextEquiv>
                    <Unicode>rinos más ilustres del una castelano.</Unicode>
                </TextEquiv>
            </TextLine>
            <TextEquiv>
                <Unicode></Unicode>
            </TextEquiv>
        </TextRegion>
        <TextRegion id="tr_1761395398" custom="readingOrder {index:3;}">
            <Coords points="1196,814 2186,814 2186,1939 1196,1939"/>
            <TextLine id="tr_1761395398_tl_1" custom="readingOrder {index:0;}">
                <Coords points="1325,814 2101,814 2101,864 1325,864"/>
                <Baseline points="1325,859 1370,859 1415,862 1459,859 1504,862 1549,859 1594,862 1639,859 1683,862 1728,862 1773,862 1818,862 1862,862 1907,862 1952,862 1997,862 2042,862 2086,859 2101,859"/>
                <TextEquiv>
                    <Unicode>Como mujer y como patriota, que sólo anhela el pro¬</Unicode>
                </TextEquiv>
            </TextLine>
            <TextLine id="tr_1761395398_tl_2" custom="readingOrder {index:1;}">
                <Coords points="1262,862 2107,859 2107,909 2063,912 1262,912"/>
                <Baseline points="1262,907 1301,904 1346,904 1391,904 1436,904 1480,904 1525,904 1570,904 1615,904 1659,904 1704,904 1749,904 1794,904 1839,907 1883,907 1928,904 1973,907 2018,907 2063,907 2107,904"/>
                <TextEquiv>
                    <Unicode>gro de a patria en general, vel de la mujer del mu¬</Unicode>
                </TextEquiv>
            </TextLine>
            <TextLine id="tr_1761395398_tl_3" custom="readingOrder {index:2;}">
                <Coords points="1259,901 2104,904 2104,954 1259,951"/>
                <Baseline points="1259,946 1304,946 1349,946 1394,946 1439,946 1483,946 1528,946 1573,949 1618,949 1662,949 1707,949 1752,949 1797,949 1842,949 1886,949 1931,949 1976,949 2021,949 2065,949 2104,949"/>
                <TextEquiv>
                    <Unicode>ño y obre todo el de la puertormena en particul¬</Unicode>
                </TextEquiv>
            </TextLine>
            <TextLine id="tr_1761395398_tl_4" custom="readingOrder {index:3;}">
                <Coords points="1259,943 2107,943 2107,993 2065,996 1259,993"/>
                <Baseline points="1259,988 1304,991 1349,991 1394,991 1439,991 1483,988 1528,991 1573,991 1618,991 1662,991 1707,991 1752,991 1797,991 1842,991 1886,991 1931,991 1976,991 2021,991 2065,991 2107,988"/>
                <TextEquiv>
                    <Unicode>roniendo los nos pasas la letura y estuna con¬</Unicode>
                </TextEquiv>
            </TextLine>
            <TextLine id="tr_1761395398_tl_5" custom="readingOrder {index:4;}">
                <Coords points="1259,987 2104,987 2104,1037 1259,1037"/>
                <Baseline points="1259,1032 1304,1032 1349,1032 1394,1032 1439,1030 1483,1032 1528,1032 1573,1032 1618,1032 1662,1032 1707,1032 1752,1032 1797,1035 1842,1032 1886,1032 1931,1032 1976,1032 2021,1035 2065,1032 2104,1032"/>
                <TextEquiv>
                    <Unicode>sala de esa compilacon perma del pueres lumno.</Unicode>
                </TextEquiv>
            </TextLine>
            <TextLine id="tr_1761395398_tl_6" custom="readingOrder {index:5;}">
                <Coords points="1259,1026 2101,1032 2101,1082 1259,1076"/>
                <Baseline points="1259,1071 1304,1077 1349,1074 1394,1077 1439,1074 1483,1074 1528,1074 1573,1074 1618,1074 1662,1077 1707,1077 1752,1077 1797,1077 1842,1077 1886,1077 1931,1077 1976,1077 2021,1077 2065,1077 2101,1077"/>
                <TextEquiv>
                    <Unicode>inte el rigen de desenvolvimiento de los pueblos y de</Unicode>
                </TextEquiv>
            </TextLine>
            <TextLine id="tr_1761395398_tl_7" custom="readingOrder {index:6;}">
                <Coords points="1262,1077 2101,1074 2101,1124 2057,1127 1262,1127"/>
                <Baseline points="1262,1122 1295,1119 1340,1119 1385,1119 1430,1119 1474,1119 1519,1119 1564,1119 1609,1119 1653,1119 1698,1119 1743,1119 1788,1119 1833,1119 1877,1122 1922,1119 1967,1122 2012,1119 2057,1122 2101,1119"/>
                <TextEquiv>
                    <Unicode>a bello deserar a estudio de la muiera, me es</Unicode>
                </TextEquiv>
            </TextLine>
            <TextLine id="tr_1761395398_tl_8" custom="readingOrder {index:7;}">
                <Coords points="1259,1116 2104,1119 2104,1169 1259,1166"/>
                <Baseline points="1259,1161 1304,1164 1349,1164 1394,1164 1439,1161 1483,1164 1528,1161 1573,1164 1618,1164 1662,1164 1707,1164 1752,1164 1797,1164 1842,1164 1886,1164 1931,1164 1976,1164 2021,1164 2065,1164 2104,1164"/>
                <TextEquiv>
                    <Unicode>encia a gentir y empresar las inanitus lamentos de lo</Unicode>
                </TextEquiv>
            </TextLine>
            <TextLine id="tr_1761395398_tl_9" custom="readingOrder {index:8;}">
                <Coords points="1256,1161 2107,1158 2107,1208 2063,1211 1256,1211"/>
                <Baseline points="1256,1206 1301,1206 1346,1206 1391,1206 1436,1206 1480,1206 1525,1206 1570,1206 1615,1206 1659,1206 1704,1206 1749,1206 1794,1206 1839,1206 1883,1206 1928,1206 1973,1206 2018,1206 2063,1206 2107,1203"/>
                <TextEquiv>
                    <Unicode>rado que ente al purdo decir de la ron ha¬</Unicode>
                </TextEquiv>
            </TextLine>
            <TextLine id="tr_1761395398_tl_10" custom="readingOrder {index:9;}">
                <Coords points="1262,1205 2104,1205 2104,1255 1262,1255"/>
                <Baseline points="1262,1250 1307,1250 1352,1247 1397,1247 1442,1247 1486,1247 1531,1247 1576,1247 1621,1247 1665,1247 1710,1247 1755,1250 1800,1247 1845,1247 1889,1247 1934,1250 1979,1250 2024,1247 2068,1247 2104,1250"/>
                <TextEquiv>
                    <Unicode>mana por loner el velo del misterio de la vive</Unicode>
                </TextEquiv>
            </TextLine>
            <TextLine id="tr_1761395398_tl_11" custom="readingOrder {index:10;}">
                <Coords points="1259,1244 2104,1247 2104,1297 1259,1294"/>
                <Baseline points="1259,1289 1304,1292 1349,1292 1394,1292 1439,1292 1483,1292 1528,1292 1573,1292 1618,1292 1662,1292 1707,1292 1752,1292 1797,1292 1842,1292 1886,1292 1931,1292 1976,1292 2021,1292 2065,1292 2104,1292"/>
                <TextEquiv>
                    <Unicode>igen de nuestra auna que es floria y al en tus</Unicode>
                </TextEquiv>
            </TextLine>
            <TextLine id="tr_1761395398_tl_12" custom="readingOrder {index:11;}">
                <Coords points="1262,1289 2101,1289 2101,1339 1262,1339"/>
                <Baseline points="1262,1334 1307,1334 1352,1337 1397,1334 1442,1337 1486,1337 1531,1337 1576,1334 1621,1337 1665,1337 1710,1337 1755,1337 1800,1334 1845,1334 1889,1337 1934,1334 1979,1334 2024,1334 2068,1334 2101,1334"/>
                <TextEquiv>
                    <Unicode>los ramos de saber encontramos el vido pero que</Unicode>
                </TextEquiv>
            </TextLine>
            <TextLine id="tr_1761395398_tl_13" custom="readingOrder {index:12;}">
                <Coords points="1262,1331 2101,1331 2101,1381 2068,1384 1262,1381"/>
                <Baseline points="1262,1376 1307,1379 1352,1379 1397,1379 1442,1379 1486,1376 1531,1379 1576,1379 1621,1379 1665,1379 1710,1379 1755,1379 1800,1379 1845,1379 1889,1379 1934,1379 1979,1379 2024,1379 2068,1379 2101,1376"/>
                <TextEquiv>
                    <Unicode>nos han de indo los humanidades suprecila, y lo</Unicode>
                </TextEquiv>
            </TextLine>
            <TextLine id="tr_1761395398_tl_14" custom="readingOrder {index:13;}">
                <Coords points="1262,1376 2104,1373 2104,1423 2060,1426 1262,1426"/>
                <Baseline points="1262,1421 1298,1424 1343,1421 1388,1424 1433,1421 1477,1424 1522,1421 1567,1424 1612,1421 1656,1421 1701,1424 1746,1424 1791,1421 1836,1421 1880,1421 1925,1421 1970,1421 2015,1421 2060,1421 2104,1418"/>
                <TextEquiv>
                    <Unicode>importantes proplenas en que taloian los hombres del</Unicode>
                </TextEquiv>
            </TextLine>
            <TextLine id="tr_1761395398_tl_15" custom="readingOrder {index:14;}">
                <Coords points="1265,1426 2098,1417 2098,1467 1265,1476"/>
                <Baseline points="1265,1471 1292,1465 1337,1465 1382,1468 1427,1465 1471,1465 1516,1465 1561,1465 1606,1465 1650,1465 1695,1465 1740,1465 1785,1465 1830,1465 1874,1465 1919,1465 1964,1462 2009,1465 2054,1465 2098,1462"/>
                <TextEquiv>
                    <Unicode>precente ven los cuales dos de aportar en grano de que¬</Unicode>
                </TextEquiv>
            </TextLine>
            <TextLine id="tr_1761395398_tl_16" custom="readingOrder {index:15;}">
                <Coords points="1259,1465 2051,1465 2051,1515 1259,1515"/>
                <Baseline points="1259,1510 1304,1513 1349,1510 1394,1510 1439,1510 1483,1510 1528,1510 1573,1510 1618,1507 1662,1510 1707,1510 1752,1510 1797,1510 1842,1510 1886,1510 1931,1510 1976,1510 2021,1510 2051,1510"/>
                <TextEquiv>
                    <Unicode>ma, la mujer conciente e ilustrada de nuestros dis¬</Unicode>
                </TextEquiv>
            </TextLine>
            <TextLine id="tr_1761395398_tl_17" custom="readingOrder {index:16;}">
                <Coords points="1337,1519 2104,1522 2104,1572 1337,1569"/>
                <Baseline points="1337,1564 1382,1564 1427,1564 1471,1567 1516,1564 1561,1564 1606,1564 1650,1564 1695,1564 1740,1564 1785,1567 1830,1564 1874,1564 1919,1564 1964,1561 2009,1564 2054,1564 2098,1567 2104,1567"/>
                <TextEquiv>
                    <Unicode>No es la mujer creada con inteligencia y corazón,</Unicode>
                </TextEquiv>
            </TextLine>
            <TextLine id="tr_1761395398_tl_18" custom="readingOrder {index:17;}">
                <Coords points="1262,1561 2101,1561 2101,1611 1262,1611"/>
                <Baseline points="1262,1606 1307,1609 1352,1609 1397,1609 1442,1609 1486,1609 1531,1609 1576,1609 1621,1609 1665,1609 1710,1609 1755,1609 1800,1609 1845,1609 1889,1609 1934,1609 1979,1609 2024,1606 2068,1606 2101,1606"/>
                <TextEquiv>
                    <Unicode>lamente para ser ama de las ni maquina de reprodu¬</Unicode>
                </TextEquiv>
            </TextLine>
            <TextLine id="tr_1761395398_tl_19" custom="readingOrder {index:18;}">
                <Coords points="1262,1603 2101,1603 2101,1653 1262,1653"/>
                <Baseline points="1262,1648 1307,1650 1352,1653 1397,1650 1442,1650 1486,1653 1531,1653 1576,1650 1621,1650 1665,1650 1710,1650 1755,1650 1800,1650 1845,1650 1889,1650 1934,1650 1979,1650 2024,1650 2068,1648 2101,1648"/>
                <TextEquiv>
                    <Unicode>er sa misión intelecuna e igual a la del hombre ele</Unicode>
                </TextEquiv>
            </TextLine>
            <TextLine id="tr_1761395398_tl_20" custom="readingOrder {index:19;}">
                <Coords points="1265,1650 2110,1644 2110,1694 2065,1697 1265,1700"/>
                <Baseline points="1265,1695 1304,1692 1349,1695 1394,1695 1439,1695 1483,1695 1528,1695 1573,1695 1618,1695 1662,1695 1707,1695 1752,1695 1797,1695 1842,1695 1886,1695 1931,1695 1976,1692 2021,1692 2065,1692 2110,1689"/>
                <TextEquiv>
                    <Unicode>par en alma obre las miserias humanos audar al po¬</Unicode>
                </TextEquiv>
            </TextLine>
            <TextLine id="tr_1761395398_tl_21" custom="readingOrder {index:20;}">
                <Coords points="1268,1695 2104,1692 2104,1742 1268,1745"/>
                <Baseline points="1268,1740 1298,1737 1343,1734 1388,1734 1433,1737 1477,1740 1522,1740 1567,1737 1612,1737 1656,1737 1701,1737 1746,1737 1791,1737 1836,1737 1880,1737 1925,1737 1970,1737 2015,1737 2060,1734 2104,1737"/>
                <TextEquiv>
                    <Unicode>es de los pueblos, y bugar pos y tratar de pensi¬</Unicode>
                </TextEquiv>
            </TextLine>
            <TextLine id="tr_1761395398_tl_22" custom="readingOrder {index:21;}">
                <Coords points="1265,1734 2107,1737 2107,1787 1265,1784"/>
                <Baseline points="1265,1779 1310,1782 1355,1782 1400,1782 1444,1782 1489,1782 1534,1782 1579,1782 1624,1782 1668,1782 1713,1779 1758,1782 1803,1782 1848,1779 1892,1779 1937,1782 1982,1782 2027,1779 2071,1779 2107,1782"/>
                <TextEquiv>
                    <Unicode>los cretos de la vida en que tio de la mulera,</Unicode>
                </TextEquiv>
            </TextLine>
            <TextLine id="tr_1761395398_tl_23" custom="readingOrder {index:22;}">
                <Coords points="1259,1779 2107,1779 2107,1829 1259,1829"/>
                <Baseline points="1259,1824 1304,1824 1349,1824 1394,1827 1439,1824 1483,1827 1528,1827 1573,1827 1618,1824 1662,1824 1707,1824 1752,1824 1797,1824 1842,1824 1886,1824 1931,1824 1976,1824 2021,1824 2065,1824 2107,1824"/>
                <TextEquiv>
                    <Unicode>vino no aberto para sumiración y esuna Nue¬</Unicode>
                </TextEquiv>
            </TextLine>
            <TextLine id="tr_1761395398_tl_24" custom="readingOrder {index:23;}">
                <Coords points="1265,1820 2107,1820 2107,1870 1265,1870"/>
                <Baseline points="1265,1865 1310,1868 1355,1868 1400,1868 1444,1868 1489,1868 1534,1868 1579,1868 1624,1868 1668,1868 1713,1865 1758,1868 1803,1865 1848,1865 1892,1865 1937,1865 1982,1865 2027,1865 2071,1862 2107,1865"/>
                <TextEquiv>
                    <Unicode>na mujer puertorriquena de mediana entura las de nu¬</Unicode>
                </TextEquiv>
            </TextLine>
            <TextLine id="tr_1761395398_tl_25" custom="readingOrder {index:24;}">
                <Coords points="1265,1865 2107,1859 2107,1909 2063,1912 1265,1915"/>
                <Baseline points="1265,1910 1301,1910 1346,1913 1391,1910 1436,1913 1480,1913 1525,1913 1570,1913 1615,1910 1659,1910 1704,1910 1749,1910 1794,1910 1839,1910 1883,1910 1928,1910 1973,1910 2018,1907 2063,1907 2107,1904"/>
                <TextEquiv>
                    <Unicode>la mer este resumen valoso del quer de la mumani¬</Unicode>
                </TextEquiv>
            </TextLine>
            <TextEquiv>
                <Unicode></Unicode>
            </TextEquiv>
        </TextRegion>
        <TextRegion id="tr_1761395401" custom="readingOrder {index:4;}">
            <Coords points="423,2324 1472,2324 1472,2420 423,2420"/>
            <TextLine id="tr_1761395401_tl_1" custom="readingOrder {index:0;}">
                <Coords points="522,2358 1382,2349 1382,2399 522,2408"/>
                <Baseline points="522,2403 531,2403 576,2400 620,2400 665,2400 710,2400 755,2400 800,2397 844,2400 889,2400 934,2400 979,2397 1024,2397 1068,2397 1113,2397 1158,2397 1203,2394 1247,2394 1292,2394 1337,2394 1382,2394"/>
                <TextEquiv>
                    <Unicode>Corte y Remita Hoy Mismo</Unicode>
                </TextEquiv>
            </TextLine>
            <TextEquiv>
                <Unicode></Unicode>
            </TextEquiv>
        </TextRegion>
        <TextRegion id="tr_1761395404" custom="readingOrder {index:5;}">
            <Coords points="1584,2309 2128,2309 2128,2428 1584,2428"/>
            <TextLine id="tr_1761395404_tl_1" custom="readingOrder {index:0;}">
                <Coords points="1650,2349 2092,2349 2092,2399 1650,2399"/>
                <Baseline points="1650,2394 1695,2394 1740,2394 1785,2394 1830,2394 1874,2394 1919,2394 1964,2394 2009,2394 2054,2394 2092,2394"/>
                <TextEquiv>
                    <Unicode>23 tomos por</Unicode>
                </TextEquiv>
            </TextLine>
            <TextEquiv>
                <Unicode></Unicode>
            </TextEquiv>
        </TextRegion>
        <TextRegion id="tr_1761395410" custom="readingOrder {index:6;}">
            <Coords points="368,2543 376,2545 377,2550 402,2557 489,2557 486,2553 725,2548 895,2540 1317,2541 1370,2538 1376,2543 1395,2545 1414,2543 1404,2538 1429,2535 1409,2532 1424,2528 1318,2525 1275,2513 1236,2511 1203,2502 1172,2499 1177,2494 1063,2485 993,2474 973,2464 952,2461 431,2460 391,2466 389,2529 381,2540"/>
            <TextLine id="tr_1761395410_tl_1" custom="readingOrder {index:0;}">
                <Coords points="426,2477 982,2471 982,2521 426,2527"/>
                <Baseline points="426,2522 444,2519 489,2522 534,2525 579,2522 623,2522 668,2522 713,2522 758,2522 803,2519 847,2519 892,2519 937,2516 982,2516"/>
                <TextEquiv>
                    <Unicode>THE GROLIER SOCIETY</Unicode>
                </TextEquiv>
            </TextLine>
            <TextEquiv>
                <Unicode></Unicode>
            </TextEquiv>
        </TextRegion>
        <TextRegion id="tr_1761395400" custom="readingOrder {index:7;}">
            <Coords points="393,2462 1465,2462 1465,2888 393,2888"/>
            <TextLine id="tr_1761395400_tl_1" custom="readingOrder {index:0;}">
                <Coords points="791,2430 1480,2427 1480,2477 791,2480"/>
                <Baseline points="791,2475 809,2475 853,2475 898,2477 943,2477 988,2477 1032,2477 1077,2477 1122,2477 1167,2475 1212,2477 1256,2475 1301,2475 1346,2475 1391,2475 1436,2475 1480,2472"/>
                <TextEquiv>
                    <Unicode>Fecha....</Unicode>
                </TextEquiv>
            </TextLine>
            <TextLine id="tr_1761395400_tl_2" custom="readingOrder {index:1;}">
                <Coords points="773,2525 1364,2522 1364,2572 773,2575"/>
                <Baseline points="773,2570 782,2570 826,2570 871,2570 916,2570 961,2570 1006,2570 1050,2570 1095,2570 1140,2567 1185,2570 1230,2570 1274,2567 1319,2567 1364,2567"/>
                <TextEquiv>
                    <Unicode>Apartado 1233, San Juan P. R.</Unicode>
                </TextEquiv>
            </TextLine>
            <TextLine id="tr_1761395400_tl_3" custom="readingOrder {index:2;}">
                <Coords points="432,2582 1403,2576 1403,2626 432,2632"/>
                <Baseline points="432,2627 462,2627 507,2624 552,2627 597,2624 641,2624 686,2624 731,2624 776,2624 821,2624 865,2621 910,2621 955,2624 1000,2621 1044,2621 1089,2621 1134,2621 1179,2621 1224,2621 1268,2621 1313,2621 1358,2621 1403,2621"/>
                <TextEquiv>
                    <Unicode>Estoy interesado en el Diccionario Encicionedico Hisparo Americano.</Unicode>
                </TextEquiv>
            </TextLine>
            <TextLine id="tr_1761395400_tl_4" custom="readingOrder {index:3;}">
                <Coords points="438,2624 1373,2618 1373,2668 438,2674"/>
                <Baseline points="438,2669 477,2669 522,2669 567,2669 612,2669 656,2669 701,2669 746,2669 791,2666 835,2666 880,2666 925,2666 970,2666 1015,2666 1059,2666 1104,2663 1149,2663 1194,2663 1238,2663 1283,2663 1328,2663 1373,2663"/>
                <TextEquiv>
                    <Unicode>Srase enviarne gratas el oposculo descripivo del mismo.</Unicode>
                </TextEquiv>
            </TextLine>
            <TextLine id="tr_1761395400_tl_5" custom="readingOrder {index:4;}">
                <Coords points="531,2677 1376,2677 1376,2727 531,2727"/>
                <Baseline points="531,2722 576,2725 620,2725 665,2725 710,2725 755,2722 800,2722 844,2722 889,2725 934,2722 979,2722 1024,2722 1068,2722 1113,2722 1158,2722 1203,2722 1247,2722 1292,2722 1337,2722 1376,2722"/>
                <TextEquiv>
                    <Unicode>Nombre.....</Unicode>
                </TextEquiv>
            </TextLine>
            <TextLine id="tr_1761395400_tl_6" custom="readingOrder {index:5;}">
                <Coords points="525,2734 1376,2734 1376,2784 525,2784"/>
                <Baseline points="525,2779 570,2782 615,2779 659,2779 704,2779 749,2779 794,2779 838,2779 883,2779 928,2779 973,2779 1018,2779 1062,2779 1107,2779 1152,2779 1197,2779 1241,2779 1286,2779 1331,2779 1376,2779"/>
                <TextEquiv>
                    <Unicode>Profesión u ocupación...</Unicode>
                </TextEquiv>
            </TextLine>
            <TextLine id="tr_1761395400_tl_7" custom="readingOrder {index:6;}">
                <Coords points="525,2791 1376,2791 1376,2841 525,2841"/>
                <Baseline points="525,2836 570,2839 615,2839 659,2836 704,2836 749,2836 794,2839 838,2836 883,2836 928,2836 973,2836 1018,2836 1062,2836 1107,2836 1152,2833 1197,2833 1241,2833 1286,2833 1331,2836 1376,2836"/>
                <TextEquiv>
                    <Unicode>Calle y número......</Unicode>
                </TextEquiv>
            </TextLine>
            <TextEquiv>
                <Unicode></Unicode>
            </TextEquiv>
        </TextRegion>
        <TextRegion id="tr_1761395409" custom="readingOrder {index:8;}">
            <Coords points="1540,2440 2134,2440 2134,2610 1540,2610"/>
            <TextLine id="tr_1761395409_tl_1" custom="readingOrder {index:0;}">
                <Coords points="1627,2519 2113,2516 2113,2566 1627,2569"/>
                <Baseline points="1627,2564 1665,2564 1710,2561 1755,2564 1800,2561 1845,2564 1889,2561 1934,2561 1979,2561 2024,2561 2068,2558 2113,2561"/>
                <TextEquiv>
                    <Unicode>300 20 CUS.</Unicode>
                </TextEquiv>
            </TextLine>
            <TextEquiv>
                <Unicode></Unicode>
            </TextEquiv>
        </TextRegion>
        <TextRegion id="tr_1761395411" custom="readingOrder {index:9;}">
            <Coords points="1704,2828 1987,2828 1987,2927 1704,2927"/>
            <TextLine id="tr_1761395411_tl_1" custom="readingOrder {index:0;}">
                <Coords points="1752,2853 1958,2856 1958,2906 1752,2903"/>
                <Baseline points="1752,2898 1797,2898 1842,2901 1886,2901 1931,2901 1958,2901"/>
                <TextEquiv>
                    <Unicode>meses.</Unicode>
                </TextEquiv>
            </TextLine>
            <TextEquiv>
                <Unicode></Unicode>
            </TextEquiv>
        </TextRegion>
        <TextRegion id="tr_1761395403" custom="readingOrder {index:10;}">
            <Coords points="970,3087 1470,3087 1470,3170 970,3170"/>
            <TextLine id="tr_1761395403_tl_1" custom="readingOrder {index:0;}">
                <Coords points="1041,3101 1444,3104 1444,3154 1041,3151"/>
                <Baseline points="1041,3146 1086,3149 1131,3149 1176,3149 1221,3149 1265,3149 1310,3149 1355,3152 1400,3152 1444,3149"/>
                <TextEquiv>
                    <Unicode>Ayuntamiento de Madrid</Unicode>
                </TextEquiv>
            </TextLine>
            <TextEquiv>
                <Unicode></Unicode>
            </TextEquiv>
        </TextRegion>
        <TextRegion id="tr_1761395405" custom="readingOrder {index:11;}">
            <Coords points="1248,2049 1715,2049 1715,2121 1248,2121"/>
            <TextLine id="tr_1761395405_tl_1" custom="readingOrder {index:0;}">
                <Coords points="1265,2053 1606,2056 1606,2106 1265,2103"/>
                <Baseline points="1265,2098 1310,2101 1355,2101 1400,2101 1444,2098 1489,2098 1534,2098 1579,2098 1606,2101"/>
                <TextEquiv>
                    <Unicode>San Juan, mayo 1920.</Unicode>
                </TextEquiv>
            </TextLine>
            <TextEquiv>
                <Unicode></Unicode>
            </TextEquiv>
        </TextRegion>
        <TextRegion id="tr_1761395408" custom="readingOrder {index:12;}">
            <Coords points="1282,2058 1707,2058 1707,2116 1282,2116"/>
            <TextEquiv>
                <Unicode></Unicode>
            </TextEquiv>
        </TextRegion>
        <TextRegion id="tr_1761395402" custom="readingOrder {index:13;}">
            <Coords points="1493,1959 2090,1959 2090,2029 1493,2029"/>
            <TextLine id="tr_1761395402_tl_1" custom="readingOrder {index:0;}">
                <Coords points="1591,1970 2039,1964 2039,2014 1591,2020"/>
                <Baseline points="1591,2015 1636,2012 1680,2012 1725,2009 1770,2012 1815,2012 1859,2009 1904,2009 1949,2009 1994,2009 2039,2009"/>
                <TextEquiv>
                    <Unicode>Ana ROQUE DE DUPREY.</Unicode>
                </TextEquiv>
            </TextLine>
            <TextEquiv>
                <Unicode></Unicode>
            </TextEquiv>
        </TextRegion>
    </Page>
</PcGts>
