2479 3508
946 405 1468 458 HERALDO DE LA MUJER.
432 546 1964 599 A NUESTROS SUSCRIPIORES Y AL PUELO
662 668 1740 727 DE PUERTO RICO.
370 793 1182 852 La situción actual de nuestra isla es muy crítica,
292 844 1137 900 eso lo está palpando el pueblo entero puertorriqueño.
370 898 1179 954 Todas las cosas han subido de precio un 2002, y
295 949 1179 1005 como es natural, editar cualquier trabajo de imprenta o
301 1005 1021 1058 periódico, es obra de romanos en la actualidad.
373 1065 1185 1115 Hemos sabido que algunas personas encuentran cara
295 1113 1179 1169 esta revista, que antes era quincenal, y ahora sólo puede
298 1173 1182 1223 publicarse mensual, y a duras penas puede cubrir sus
298 1220 1176 1276 gastos triplicados, por la demora en el pago de las subs¬
298 1271 477 1327 crinciones.
370 1331 1182 1387 No tenemos agentes, y mandamos los recibos por¬
292 1388 1182 1438 correo, y no todos: pero sí muchísimos subscriptores,
292 1438 1182 1491 tardan meses en pagar los recibos, sin considerar, que la
292 1489 1182 1542 imprenta tiene que pagarse por adelantado, y que el tipo¬
292 1546 1179 1599 grafo o el linotipista tiene que mantener á su familia con¬
292 1594 477 1650 su trabajo.
370 1647 1185 1697 Nuestra Revista es hoy el único representante de la
301 1701 1119 1754 Mujer Puertorriqueña, de su valer e intelectualidad.
370 1755 1185 1805 Pero, cosa rara, la mayor parte de sus subscriptores
298 1806 534 1859 son caballeros.
370 1865 919 1921 ¿Qué pensar de nuestras mujeres
370 1925 1185 1975 Hay honrosísimas excepciones, es verdad; que nos
292 1973 1182 2026 han ayudado desde el principio con su subscrip¬
292 2026 1182 2079 ción, con su colaboración, y nos felicitan, nos
292 2080 1173 2133 alientan, y nos dan ánimo para continuar nues¬
301 2137 1176 2187 tra lucha, por el prestigio de nuestra tierra, y
292 2188 1185 2238 de nuestras mujeres, que viviendo en una época de
298 2235 1182 2288 renacimiento, de renoración de ideas, en que el mundo
298 2289 1179 2342 entero femenino vibra con nuevas energías, vislumbrando
298 2340 1176 2396 nuevos horizontes de progreso y bienestar, se mueve, se
301 2391 1179 2450 agita, acciona con entereza, para llevar su contingente
298 2444 1185 2500 a la obra de progreso, de redención social, y no quedar
301 2492 1182 2554 rezagado en el mundo, como paja inconsciente de la que
301 2552 555 2605 nadie hace caso.
376 2609 868 2662 Nuestro eximio Becquer decía:
376 2662 1185 2718 Ruero es comer, dormir y roncar como un sochan¬
301 2728 447 2781 tre.....
370 2776 1009 2829 y qué lástima que eso sólo no baste
379 2827 2000 2889 No creen nuestras mujeres que el vivir ajenas a Jesús. Predicaremos siempre en desierto?....
298 2886 1182 2942 todo movimiento intelectual y progresivo, es estar muy
298 2940 904 2996 atrás en el camino de la civilización
1289 793 2101 855 El hombre en Puerto Rico es progresista, se agita,
1218 850 2098 903 se mueve, se preocupa de los acontecimientos políticos,
1224 904 2101 954 sociales, económicos, científicos y literarios del mundo
1218 955 2104 1008 entero. El puertorriqueño ya marchando con su época.
1233 1005 2101 1058 el mismo; pero no se preocupa de llevar consigo á sus
1221 1062 2104 1112 madres, esposas, e hijas, como van llevando á cabo todos
1218 1113 1749 1163 los pueblos civilizados del mundo.
1286 1170 2098 1229 ¿Pensarán ellos, como aquel marido de que nos ha¬
1218 1223 1815 1276 blaba Moliere, que decía de la mujer:
1298 1277 2104 1336 Bastele saber, si nada le he de ocultar. Pedir á
1215 1337 1630 1390 Dios, amar, coser e hilar.
1298 1397 2101 1452 Tenía talento ese marido chapado á la antigua?
1227 1450 2104 1506 No era un egoista inconsciente Amaba a sus hijos?
1224 1504 2104 1557 No, no los amaba; pues el que ama a sus hijos, y desea
1224 1555 2107 1608 su progreso, les da una madre inteligente, y aunque sea
1218 1608 1597 1658 de mediana ilustración.
1280 1662 2110 1718 Una criada se alquila, con el dinero se consigue quien
1224 1716 2107 1769 sirva, en la casa, prepare el puchero y demás. Pero el
1218 1770 2104 1823 amor, y las funciones maternales de una mujer superior
1227 1820 2101 1876 que sepa formar el corazón e ilustraro despertar la inte¬
1221 1874 2104 1930 ligencia de sus hijos, no se consigue con ningún dinero:
1221 1922 2107 1978 es obra de la educación que se le de á la mujer, consi¬
1224 1973 2098 2032 derándola un ser pensante, como el hombre, con inteli¬
1221 2032 2104 2088 gencia, cerebro, corazón y sensatez para llevar á cabo¬
1224 2083 2095 2142 dignamente las funciones de la vida; y ser madre inspi¬
1218 2137 2095 2196 radora, y esposa cooperadora en la obra magna, de edu¬
1218 2188 2098 2250 car una familia para el bien y el progreso de la socie¬
1221 2244 2101 2303 dad, que es el cojunto de familias y por ende de la hu¬
1227 2301 2095 2360 manidad, que es el conjunto de sociedades esparcidas en
1227 2352 2098 2414 las distintas y hermosas tierras de nuestro planeta, mun¬
1218 2406 2101 2462 do sideral que Dios nos ha dado por morada, para que lo
1218 2453 2098 2515 embellezcamos con los adelantos de una pujante civiliza¬
1218 2510 2101 2566 ción, y lo perfeccionemos con una vida moral y humana,
1224 2567 2098 2623 que nos conduzca por los luminosos senderos del Bien y
1218 2615 2104 2674 de la Ciencia; para que nuestras almas, al desprenderse
1218 2659 2101 2724 de esta tierra, puedan seguir los caminos de luz por ese
1221 2716 2107 2781 espacio infinito, lleno de bellezas, que de aquí vilumbra¬
1221 2773 2104 2832 mos, y que son las moradas del Padre, de que nos hablaba¬
1558 2925 2033 2978 Ana ROQUE DE DUPREY.
1035 3155 1456 3205 Ayuntamiento de Madrid
