2479 3508
994 480 1492 533 HERALDO DE LA MUJER.
438 641 2104 697 a es EL ONCE DE MAYO DE 1920 y
847 811 1686 870 Dia de las madres
480 999 1244 1058 El segundo domingo de mayo es consagrado al DIA
409 1047 1253 1100 DE LAS MADRES En ellas pensa oncinas.
406 1089 1247 1142 Establecimientos de nermos los en todas pres en los
406 1134 1143 1190 Estados Unido se ne ponente a las Manues¬
468 1173 1247 1232 Emos elevado de los sentimientos que tienen ani¬
400 1214 1244 1273 do en el cuan humano se obera unos de toda la
406 1259 1241 1318 Nación americana y ninde al más soleme tan a la
406 1304 1244 1360 cogión al sericia, que representa el amor materal.
400 1355 740 1405 modo los no ama¬
477 1385 1247 1447 En Filadela, donde pasamos varios años, vimos do¬
400 1432 1241 1494 por las plana de los caballeros de los obreros de los
409 1474 1241 1539 mas y lo egunos de las mujeres con un clarel planos
400 1516 1241 1581 los que tentan sus madres muertas vean un clavel po¬
403 1561 1241 1623 los que tentan sus madres una el BA DE LAS MA.
406 1614 525 1667 DRES.
477 1650 1244 1706 En Puerto Rico el Ledo. Tous Soto que en
400 1692 1247 1751 mion del lado, comater Mena y del Sr. Francisco P.
409 1731 1244 1799 quinones, es triunfante albil de DIA DE LAS MA.
406 1779 1247 1838 DRES propos que fues la Matracia la hor simolca.
409 1820 1241 1882 pero en esta conta del ago no abunda la dor de la mu¬
409 1865 1247 1927 rala y además se desprende ficiente de talo ye
406 1907 1247 1969 marenta y pronto, por lo que se han vento usad¬
406 1946 1244 2011 dores quenta unas y rojas. Nuestra ines so¬
406 1991 1238 2053 nos y no hay puestos de dores donde los que tan¬
409 2032 1247 2097 tan pre eles y las melan sura. De modo
409 2077 1250 2142 ne en len cuelas hemos esto abricar alelos de
412 2122 1247 2184 papel y quiera vemos eneralos simperemente
406 2176 644 2226 los estinte.
477 2209 1253 2265 En Filadelta de un millón de habitantes, 500,000,
406 2247 1247 2315 por la menos levan una dor eso denostración de que
406 2301 919 2357 enerlan se dua de sus manes.
474 2334 1250 2396 En Puerto Rico de un millón de habitantes algunos
409 2382 1253 2444 centenares plamente man la por ese dia. en una la
412 2427 1074 2485 la y es lamanos enumenales.
471 2465 1247 2527 En las elestas de todas las religiones depera ser el
406 2507 1244 2569 tema de los armones en todas las mas y en todas las
406 2552 1247 2614 premonas el amor maternal por lo en alguno se
406 2591 1241 2659 desarrollo con nores el punto de pia, las pros me¬
409 2638 1253 2706 pres deterian entona oro en honor de la Mujer
403 2686 973 2745 morme e hace en otras recidades.
480 2725 1250 2787 El Gonrador de Puerto Rien ya onspo Catorro.
400 2767 1247 2829 en los primeros años de habere aprobado el DIA DE
406 2809 1253 2874 LAS MADRES pliegon lerosas proclamas, pero
406 2850 1244 2921 na en el mado sio se olvidaron de tan importante den¬
406 2895 1250 2957 de los moradores de los Estados pido unien¬
409 2952 731 3005 siempre la Proclama.
1152 913 1382 966 Po ATEME
1355 996 2128 1049 Varias Logias, como la de Mayagiiez, que acos¬
1283 1038 2128 1094 tumbrada celebrar festivales, con objeto de honrar a las
1286 1086 1916 1139 Madres han ido deravendo en entusiasmo.
1358 1125 2122 1178 volvamos a bastadarnos a Filadela, donde estada¬
1286 1173 2128 1226 mos el DIA DE LAS MADRES. Hata en los modelos.
1283 1211 2131 1267 desde el más grande al más ponero en todos es querra
1283 1256 2119 1309 Da De que manera; Colcando clavelos mos y
1283 1298 2128 1351 manos en los menos que agran las mas mata
1283 1337 2122 1396 en dores contamos en mo de los inteles y en mu¬
1286 1382 2137 1438 una que se sienta esos mena ene derlo prendere¬
1283 1426 2128 1482 mo de es clares en su peso, igual que en los
1283 1468 2131 1527 puedores de los menos por todos partes luelos man¬
1289 1510 2128 1569 o mis cordando a los que lo havan alulio, que
1283 1552 2128 1614 tuvieron o todavía tienen ma ladre. En los puestos
1286 1603 1907 1658 le las fonstan se ven millares de ellas.
1358 1638 2128 1700 En mayo de inos fué la vez primera que se celebre
1286 1683 2125 1742 A DIA DE LAS MADRES en Filadena M. Ana
1289 1728 2128 1787 arris nue en fundadora Canila, Mero y una gra¬
1292 1770 2125 1838 parte de purona se mieron al movimiento, ven todo el
1283 1814 2024 1870 mundo evitato enconto so simpatos la in.
1358 1853 2131 1912 se prno en inos en los Estados Unidos una de¬
1289 1898 2125 1957 inción internaciona del DIA DE LAS MADRES. Los
1292 1940 2131 2002 goternadores de lo Estados e ingribien como mien¬
1289 1985 2125 2044 pros los altallos de mulas ciudades y otras autorida¬
1289 2026 2125 2085 las rados pupieron empero en que un gran la nues¬
1283 2077 1618 2130 Renamente feciado.
1358 2110 2125 2169 En Puerto Rico, con fecha 15 de marzo fué aproba¬
1283 2158 2131 2214 lo por el conso piento el pla DE LAS MADRES
1289 2197 2128 2259 otriendolo en celebración general el proveto ama¬
1289 2238 2128 2303 bado den que el grito domingo de mo es del
1286 2286 2128 2345 ma emiar el cariño materna y en abnegación si¬
1292 2325 2128 2390 intes teniendos as desarrollar en el gran de los
1289 2370 2131 2432 unos y sunto repo y el amor entrañalle que de me¬
1283 2412 2122 2474 pies la mujer me les que viera que el mujer.
1289 2456 2131 2518 mador de Puertos pico, con sue las de quelación mi¬
1292 2504 2128 2563 entan en los periódicos de mupor cielución, en la Ha¬
1289 2540 2128 2605 ma proclama regratoria de la celebración del a mu¬
1283 2585 2131 2647 ando la dor enemines que han de llenar los habitan¬
1292 2630 2134 2688 las de puerto men como mantestación de unio y terno
1289 2677 1907 2733 buenaje al sublime ideal que se encia.
1361 2713 2131 2775 Entre los Delerados que defendieron en enor el
1289 2761 2134 2817 ma, los perdurcos mencionaron al Ledo pente, lores.
1364 2803 2134 2862 y de mero de los e celebro en puerto mo.
1289 2847 2131 2906 promena ver el DIA DE LAS MADRES Pero M.
1289 2889 2134 2948 todo se olvida pronto y sa quien se acuerda de esa nata
1292 2940 1612 2993 tan culta y hermos:
1041 3104 1450 3154 Ayuntamiento de Madrid
