2479 3508
952 438 1471 497 HERALDO DE LA MUJER.
635 570 1794 637 Como hago mis levendas
376 716 1188 781 Me preguntais, amiguita, como hago mis leyendas
304 755 1185 823 pues gentilamente tomo un no de ma listórica, le
301 805 1182 867 pero en tanto de natar y atravente lato y en el
307 856 1185 915 podicto con el enrate viago de la alimina de la ma¬
307 901 1185 960 sinación. Algo de historia y alo de fantasta. Y al
304 940 671 999 mole y al oro.
376 985 1179 1049 La levenda es la aurora de los anales históricos, ro¬
304 1029 1182 1091 do pueblo tiene se levendas, los celebres inos de los
304 1074 1185 1136 Vás contienen una ene de levendas de los arios R.
307 1125 1185 1184 interente hallar de esto, para los seitores o reco¬
298 1170 1182 1229 piladores de esa bola hubo cuatro razas humanas fun¬
298 1211 1182 1273 damentales Consideran la mojo como la primitiva, ocu¬
301 1262 1179 1318 pando la fera y combatida por la Nema y la Amarila.
298 1304 1185 1363 que vineron deses y aminente por la bienen salida¬
301 1349 701 1402 de los bosques de puropa,
367 1394 1185 1455 Según los vados, el drazón fué el emblema de los
301 1438 1185 1500 Noro, cuando inadieron todo el sur de puropa, y para
301 1483 1188 1545 los planos, que los combatian, arriandolos de sos tie-
298 1531 1185 1593 ras eurones y asiguien, el rein o espirin maleno.
298 1573 1179 1635 era negro El simbolo atricano brillaba al el en los es¬
298 1617 1179 1679 tandartes de combate como lue hoy la media, luna en
301 1665 1182 1724 los banderas agarenas el len en el ordama españo y el
298 1710 1185 1772 guila en la enera americana. Los seriotos africanos
298 1758 1176 1817 escultan la basilien encio en las puertas de sus templos.
373 1803 1179 1862 Los hombres perporos los rubios de cabellos de
298 1844 1194 1906 mo y ojos mor trieron el culo del sol y de los ante-
301 1895 1176 1948 pidos, y este culto lo origen a las mujeres videntes
304 1940 1179 1993 y a las piones. La mujer como ser más imaginatro
298 1985 1176 2038 ensible que el hombre primero que su compañero pre¬
292 2026 1185 2082 nió lo oculo y amó otundamente lo invisible As.
292 2071 1179 2130 rreen la Voliena del Bada la pruila calica, la vidente
298 2122 1143 2175 geminica, la bacante de pracia y la milia de pelos.
370 2164 1182 2220 En el fondo de todas esas cosas está la mágia de la
298 2206 1176 2265 elea femenil y el cincel de arte que cosa más de¬
298 2253 1179 2306 tiendo que la levenda de hama y el camero y los ojos
295 2301 1179 2354 al sol y de la fama del fena avesta, y la leventa del
295 2349 797 2402 Muerdaso de los pruidos.
1301 728 2104 790 El alma de los pueblos, amante de lo mara¬
1230 773 2104 834 villoso y sobrenumano, acoge con encanto y delete todo
1233 820 2095 879 lo me es superior y sublime Cuán extraorinaria pa¬
1233 865 2101 924 a impresionar la fantasta humana, el genes de la dis¬
1224 907 2107 969 toria llena apolo, el dios de el pignicos, el pue¬
1224 955 2110 1014 tador de las almas queres una levenda más sugestiva
1230 999 2104 1061 que la del hilo de Ariana y la muerte del linotaro por¬
1233 1047 1659 1103 esco, el héroe griero!..
1304 1107 2101 1163 Qué hermoso y sugestivo imaginarse una loba ama¬
1224 1152 2104 1211 mantando a Romo y hemo los fundadores de la gran
1227 1196 2098 1255 ciudad, emperatria y queña del mundo anueno efi¬
1227 1244 1442 1297 no.
1292 1301 2104 1360 Todas las leyendas místicas del antiguo y nuevo
1227 1346 2101 1402 restamento son encantadoras y han arrullado nuestra
1218 1394 2107 1449 una y fortalecido nuestro espirito de reventes y es
1218 1441 1904 1494 que en todo lo mistro hay pan de vida.
1289 1498 2104 1557 Por eso yo he escrito mis levendas puertorriqueñas,
1224 1549 2101 1602 para infundir a mis paisanas amor a la historia de su
1227 1591 2101 1644 país y como la levenda es poesía, tiene alminar y gus¬
1218 1635 2101 1685 ta. La historia, esueta, es tria tiene muelo aciba¬
1218 1680 2104 1733 en sus arraciones. Hay que ilatar los horizontes para
1218 1725 2101 1778 obrelevar la vida y las levendas ardan con sus aspe¬
1224 1773 2104 1826 tos imprestos hacer brotar luz en las sombras. Una
1224 1817 2104 1867 levenda es como un cuadro petórico y hay que atener
1224 1862 2104 1915 en ella al colorida, a los gales de luz y a la pernesiva.
1218 1904 2107 1957 Sobre todo dule ambiente apropiado Yo no amo más
1218 1952 2101 2002 sol que el de mi tierra. Y quierto mi tierrue, porque es
1230 1997 2098 2047 nuestra, aunque no sea grande y poderosa. Es la que
1224 2044 1558 2097 Dios me ha dado.
1292 2095 2110 2151 He ahí como y por que escribo mis leyendas puerto.
1221 2146 2051 2202 riqueñas, amignita del alma curiosa y presuntona!
1579 2241 2027 2297 Caretano COLA Y TOSTE.
1221 2343 1937 2396 Villa Los Pinos, Abril 30 de 1920, Santurce.
1032 2486 1358 2536 PENSAMIENTOS
370 2624 1179 2677 Por más estudioso y sagaz que sea el hombre, no
289 2671 1065 2724 nera prontamente al conocimiento de la verdad.
364 2791 1179 2841 Si estudias en un solo libro, aprenderás la opinión
286 2836 1116 2889 de un solo hombre, y no podrás hacer comparaciones.
367 2949 1173 2999 Busca primero la causa y comprendrás luego el
1286 2618 2092 2671 La Humanidad camina hacia adelante. El Hom¬
1218 2665 2092 2718 bre ya bagando su perfeccionamiento. La Mujer va
1212 2704 2092 2763 conquistando sus derechos rolos han venido hasta mue¬
1215 2755 2092 2808 ros dos cumpliendo la les quina impuesta, por Diosa
1218 2803 1403 2856 la criata.
1600 2883 1704 2936 FIN
1030 3155 1453 3208 Ayuntamiento de Madrid
