2479 3508
1006 474 1501 527 HERALDO DE LA MUJER.
543 593 1137 646 HI. SUENO
1492 584 1949 634 LA ESTATUA
489 713 1265 763 Hay en cada vida un sueño, una aspiración. Es la
423 755 1268 805 nes que alienta la vida, inole obrero y ambición. Es
426 793 1256 852 a tratan, es la futasta que correra, la gran es¬
426 838 674 894 pena la mente.
498 883 1268 936 El sueño domina el alma, quizás sea su recompensa
417 922 1259 975 a consuelo unio dormos todas las mos que
420 967 1265 1020 han formado parte de nuestra vida visible e inspe¬
417 1011 1268 1064 mas y plentes e atan en el meno, que el
426 1050 1268 1112 puede derre el abuen testamentario de su principales
426 1098 767 1151 estios y tentatras.
489 1137 1268 1190 Suenos hay sorprendentes, como el que impulso a
423 1179 1271 1235 una de Aro á su magna enores pos mejos nos
423 1223 1262 1276 sumina mos nuesonan de la mono que aten o¬
426 1265 1268 1321 las las facultade le que era resida la mente y
426 1310 1268 1360 vos elos menos resultan verdades y a estaciones
423 1355 949 1405 omprena al ponerlos en pienes.
492 1399 1152 1449 Ha sueños tan erulcentes como la aurora.
495 1441 1268 1491 Conmuen los el gran de al manera que nos
420 1477 1268 1536 hacen quier esperanza de alamar los más elevado
423 1522 1262 1581 alume a nos aparte de todo lo bajo y miraley
426 1567 1173 1623 los llevan la concepción de la supena bellena.
492 1605 1268 1661 son ellos no menos halagienos que los ilas vatu¬
423 1647 1262 1703 padas por esos idealatas pernos que pasan al vil, sus
423 1698 850 1754 prando sin nacionar unas.
495 1737 1259 1793 Aveces se nos presentan como el rto de seres tan¬
423 1779 1262 1835 tamos que procen dernos, de tener puedes:
1301 1803 1489 1856 al mano.
429 1823 1158 1876 me que no le arro y e hue truir.
489 1865 1268 1921 ma senos que siente, como un manto de mu¬
423 1907 1262 1963 obre muestros mielos e inquietales y nos hacen sopor¬
423 1949 1262 2005 ante la vida intrando en nuestro ser el doco de pre¬
423 2000 623 2050 ne bener¬
492 2038 1265 2088 Todo aquel que no aparte a Dios de su pensamiento,
420 2077 1262 2133 es decir del pien y la pelera, sentira en su alma la in¬
429 2119 1265 2181 piracios que le conduera trave de dencias veredi¬
423 2161 1262 2217 foreados de Mores a la cima de la serna bienen¬
1537 692 1919 748 DE RAFAEL DEL VALLE
1480 835 1913 888 Vió la estatua el imprudente
1444 883 1857 936 tera lanes transparene
1442 928 1859 981 del mejor miro, de Paros.
1483 973 1821 1023 que ponerla raros.
1447 1011 1842 1064 no pado y ato miente.
1444 1044 1940 1106 No habra de calperla mopor
1450 1098 1889 1148 tando un poco de lodo
1442 1140 1842 1193 e lo lang a la ma¬
1477 1185 1812 1235 los el suso prover.
1442 1226 1830 1279 al dar contra el pedeta.
1442 1268 1830 1324 guste con nura igual
1439 1313 1824 1363 que el tro del ecul¬
1480 1358 1854 1411 Desindola en conclusión
1442 1399 1886 1455 tan ima bella y luiente;
1447 1447 1854 1500 y al micios inmente.
1442 1486 1871 1539 en más hel en el cami¬
1444 1531 1859 1587 y más cieno sobre la frente
1376 1626 2155 1682 NOTA DE LA REDACCION.—Esta bella poesía del
1307 1668 2161 1727 pla unasileno para ser una de las alia, para
1301 1713 2161 1766 jo tenemos el grina, y no es encia el ropia, mue¬
1307 1761 2152 1811 no la recoramos bien, aún el enorte reemos que no
1370 1934 2149 1990 Para el ni le torturarán las dudas, ni habrá parén¬
1310 1979 2158 2029 tesis ambrios que entenebreran su existencia pues co¬
1307 2018 2152 2073 ma clara usión de la vida, caminar, con pas seno
1310 2065 2149 2121 conducido por los sueños hacia la más alta compena.
1310 2110 1889 2166 que será una vida molesta y prita.
1877 2203 2083 2256 (Del Inglés,
1047 3101 1447 3154 Ayuntamiento de Madrid
2136 2379 2146 2883 —
448 2435 2033 2492 Suseribase al merado de la mujer
450 2862 450 2912 —
492 2540 2092 2602 Todo porincano, nombre mujer, por
448 2641 2095 2706 el prestigio de su isla debe de au¬
448 2749 2077 2808 dar a sus mujeres a ocupar una posi¬
615 2862 1946 2918 cion honrosa ante la América,
