2479 3508
943 450 1450 506 HERALDO DE LA MUJER.
295 531 2068 602 coopocoopocoopocoopodo poconocoopoconocen
576 596 653 652 2
1722 608 1800 664 O
1914 614 2026 674 E
576 647 847 700 N
1179 650 1800 706 DAL S
1964 655 2056 712 A
1062 698 1301 751 POR ATEME.
367 805 1167 864 Parece que la Presidencia de los Estados Unidos es¬
295 850 1170 909 ma bien atravente posición cuando tantos la pretenden.
364 895 1161 954 además de formidable ponen de quen decía un
292 940 1164 996 periódico que sus espallos parecian un tono de los hon¬
292 982 1152 1040 años quinas, tenemos como cuidatos independen
295 1029 1164 1085 los al dolernador parlo. Londen de unos yanes
301 1068 1152 1130 y derra, de Ner yos y el senador ales y pon¬
289 1116 414 1169 lenter.
364 1161 1161 1220 Hay diez candidatos democratas, entre ellos ames
298 1202 841 1261 O. Montos que es de Marrosa II.
367 1250 1161 1306 En Soni palota se han presentado cuatro candi¬
286 1295 1161 1354 intos Mr Mulen de Nebasta piensa que a alima
292 1340 1164 1396 hora puede hacere una combinación en la que entre
286 1385 412 1438 pan.
364 1432 1155 1485 Los Demócratas intentan resucitar la "Liga Brvan
292 1480 1056 1530 que fue importante fator en la campana de 1909.
370 1519 1158 1572 Mr. F. F. Vater el vieto amigo de Corra.
298 1561 755 1617 pran es el lender de la Liga.
364 1608 1167 1658 El Senador Roberto L. Oven de ollatoma, es otro
289 1653 1158 1706 de los cantidatos engratas Este cros en el gobierno
289 1698 892 1754 popular es sufragista y prolicinista.
328 1743 1161 1799 Dr. Nicolas nurray patler la sido propuesto por la
289 1788 1161 1838 hominación hepublicana, el cual es el agua presidente
292 1832 788 1885 de la avenidad de Colombia.
364 1874 1161 1927 cinco generales han sido candidatos a la Presiden¬
289 1922 725 1975 cia de los Estados Unidos.
361 1964 1053 2017 Talor. Grante senta de cientan y Hancol.
364 2009 1158 2065 De modo que rosa y Persin también pueden a¬
289 2056 638 2112 pirar a la Presilencia.
370 2095 1161 2151 Veremos quien vence en esta contienda, y si el ven¬
280 2143 1152 2196 colores un sipacista, como son que es lo que nos con¬
289 2188 385 2244 iene
671 2226 782 2279 N
283 2286 916 2339 La Bblia más grande del mundo.
358 2325 1152 2375 se encuentra en el meno Unido mielaterra y
292 2364 1161 2420 esta egrita por manos de hombres y mujeres prominen¬
295 2412 1161 2465 los emperido por el hoy pre la heina María, el
292 2456 916 2509 pruine de cales y todos los minios.
361 2498 1164 2551 Ha espicio para que escriban en ella 15000 per¬
283 2549 385 2602 sonas.
367 2591 1158 2641 Tiene de alto. 5 pies y 2 pulgadas. De ancho. 3
292 2636 1158 2688 pios Esta Bilia de exhibia en la crunda que se hora
286 2683 734 2733 favor de la milia en 199.
361 2722 1164 2778 Se llevará en no carro de motor en el que habrá una
286 2773 683 2829 plataforma y un paloito.
668 2806 776 2859 N
283 2868 868 2921 La muerte a través de Turquía.
370 2904 1161 2957 Ya sea asuminos ingel todo el que simpatice con
286 2946 1167 3002 el reparto del imperio puro es condenado a muerte en
1271 814 2074 867 Los armenios son asesinados por los nacionalistas
1206 859 1671 915 curo ete es Mustapla Remal.
1274 904 2077 957 Solo en Constantimopla y en Elmina se puede dor¬
1200 949 1946 1005 mir tranquilo. Los negocios están paralizados.
1585 1005 1692 1061 N
1206 1053 1546 1109 Literatos ingleses.
1277 1104 2071 1157 Forman una brillante constelación Bulver Lotton.
1203 1146 1543 1199 Deles y plera.
1265 1191 2068 1243 Bulver Lnton, era voluble, de genio subietivo, senti¬
1206 1235 2068 1288 mental, pero no ensacional redeciro, aunque no siem¬
1209 1280 1579 1333 pre sento de s moral.
1274 1322 2071 1378 Conocia la literatura general, pero en conocimientos
1203 1367 1636 1423 sienticos era un charlatón.
1280 1414 2074 1467 Profano en su espirito, sin llegar á ser un pagano;
1200 1459 2065 1509 mestudiante querignador estando de pentrar los mis¬
1212 1504 2071 1554 terios de la Naturaleza, para pintar caracteres y sueso¬
1206 1546 2074 1599 le otros tiempos, y dejando la impresión moral más alta¬
1203 1594 2060 1644 cuando era igio, del mismo modo que cuando era jo¬
1274 1680 2074 1733 NOTA DE LA REDACCIÓN.—De lo que hemos leido so¬
1200 1725 2077 1778 bre Bulver se desprendo que gra ma obserador y co¬
1206 1773 2074 1823 nocador del corazón humano, lo que án a sus obras un
1200 1814 2077 1867 pre de renerión tranquilo y gran patre sus movelos
1200 1859 2074 1912 de la vida moderna es la mejor PELIAM y entre las
1200 1904 2074 1960 ladoricas, LOS VITIMOS DIAS DE POPERA y
1200 1949 1349 2002 MIENII.
1265 1991 2074 2044 Se le echaba en cara hacer demasiado ala de sus
1200 2035 2068 2091 los estudios pro copiado amente su enen en es¬
1209 2086 2074 2136 tilo es manita, por lo que su fano es inmenso, y se
1200 2128 1842 2181 tradieron sus obras a todos los dionas.
1582 2185 1692 2238 N
1194 2224 1358 2276 Dicens
1274 2265 2068 2321 Fué extremadamente popular este autor. Hizo
1206 2313 2065 2366 otras descripiones de la vida, con exageraciones, en¬
1203 2361 1889 2411 acteres imposibles e incientes improbables.
1271 2403 2068 2453 Pero se le ama por ser tan genial en sus simpatas.
1203 2444 2065 2500 terio de imaginción un humano, pues todos los erro¬
1200 2489 2068 2542 Es lo indignan, por esto es que se las tanto a potena.
1197 2534 1979 2590 aque encia poco yes en contatura superacial.
1277 2582 2068 2632 Nora DE LA REDACCIÓN. Fué Callos pielos un
1203 2621 2065 2680 oruin consino y noble obserado generante y ene¬
1200 2665 2060 2721 rumo, en nuestro concento mela encantadora arro¬
1203 2713 2065 2766 lumorales conmble luele mulo en la una mu¬
1203 2758 2071 2814 mar de la miseria, lo que torno su voluntad de luero
1200 2803 2071 2859 y el cielor seria. Ella consagrado como el ren de
1200 2850 1549 2900 los novelados inaleses.
1265 2895 2068 2951 Sus obras más profundas y conmovedoras son DA¬
1209 2943 2065 2999 VID COSPERFIELD. TIEPOS DUROS, DORIS
1203 2988 2068 3044 PEOUENA y la más poplar. OLIVERIO FRIST, en
1027 3134 1453 3187 Ayuntamiento de Madrid
