2479 3508
1006 480 1492 530 HERALDO DE LA MUJER.
618 1035 1050 1094 TANICA SISTEMATICA
656 805 943 861 una est Indies.
815 892 1230 942 POR ANA ROQUE DE DUPREY.
692 707 1262 757 De la obra inedita "Introduction to
483 1128 1194 1181 En la Botánica Sistemática hay que considerar:
483 1170 1256 1223 El mundo llamas así el planta en pue¬
417 1211 1259 1267 la ateniendo los enteres que le con propios, y que
420 1259 835 1312 lo distinguen de los demás
486 1307 1259 1360 La especie.—Es la reunión de individuos que tienen
412 1349 725 1405 semeinas entre sí.
483 1394 1259 1444 El género.—Es la remión de especios que tienen
414 1435 1259 1491 sencianas orgánicas, aunque dieran en algunos deta¬
417 976 1259 1029 LIGERAS CONSIDERACIONES SOBRE LA BO.
1373 701 2137 754 El orden o familia.—Es la reunión de varios géne¬
659 749 2143 808 ne Patreme pura y porto Rico ros, que posen un cierto número de caratenes come.
1367 787 2143 840 la luer son los grupo de amilia me arro¬
1295 829 2137 882 milusias entre se omo las honorollenas y pro¬
1304 880 1462 930 tienen.
1373 916 2146 969 El subereino.—Es la reunión de clases, como las
1301 961 2149 1011 Caplicanas que comprenden todas las plantas sin dores.
1367 1002 2143 1055 Según el senso enta planta recibe un hombre la¬
1298 1044 2140 1100 mado generos, por su ataluna querial de le do el
1295 1089 2143 1142 nombre especinco que es el generto unido a la cualidad
1295 1134 1758 1187 presente que la quincie¬
1367 1176 2143 1229 Y en cada localidad le aplican el nombre mulgar a
1295 1220 2042 1273 la mana, el cual es variable empielos veres
1367 1262 2143 1315 Por ejemplo: El quincimos es lana muivos se¬
1295 1307 1949 1360 intuna muiene, es su nombre gentico.
1367 1349 2143 1399 moscas sellena, es su nombre especinco o bota¬
1295 1394 2143 1444 nico quincampo o Magionaron, su nombre migar en
1295 1432 2140 1488 Puerto mios quimponde en atria y en algunos an¬
414 1614 1253 1667 la que no se habla de amor, y sin embargo encanta y sub¬
489 1806 1982 1864 Cultiva este antor la novela social satrica. Cuan le devuelva caballos, vacas, carneros y cabras.
420 1850 1256 1909 lo mblos en Panila, para admiro gran elebridad Son
417 1892 1256 1954 motables tambien pentes y por al mundo. El pue¬
420 1943 949 1999 a gentamente la ciedad males.
785 1991 892 2044 AS
417 2050 803 2100 Novelistas inglesas.
483 2095 1256 2154 Son muy notables entre los novelistas ingleses del
412 2137 1259 2196 amanar del pasado siglo. Colore pronte Magia prad¬
414 2188 803 2238 don, y Mara ane Pum¬
483 2224 1262 2282 La primera ha publicado varias obras de sesinatos
417 2268 1188 2327 ven eninro tuvieron una gentacion gransima.
486 2313 1256 2372 La gran se lo nature con en igual, June por¬
417 2364 573 2420 sinen.
483 2406 1256 2465 Y la tercera conocida por el psendónimo de Georqe
420 2444 1256 2509 mor es ensionada como la cina de las nocena in¬
420 2492 1256 2554 los y es obras alun pade plas nunar y ponal¬
412 2540 850 2596 han alegrado una mundial.
480 2588 1256 2638 También escribió algunos movelas un poco libres,
412 2630 1262 2683 Rosin pulpor esos greina de la poder estan¬
412 2671 1262 2727 sa obra paras de los pasiadoras, es una gena cios
414 2719 841 2772 la clase quinguida inales.
477 2767 1259 2817 Todas estas novelistas, representantes de la novela
406 2806 1256 2862 enacional inela, son initadoras del dembre mine
417 2847 1256 2906 Colos que hue el intoductor de es porle en page¬
1367 1674 2149 1724 Los franceses piden a los alemanes, 20,000 perros,
1298 1716 1639 1769 que los fueron pobados.
1367 1758 2146 1811 En el Tratado de Paz, Francia exige a Alemani¬
1331 1847 2146 1897 Y ahora también espe le sean restinidos los perros.
1295 1886 2134 1939 entre los que hay menos de ena de los que se ami¬
1298 1931 1692 1984 raron los enores enciales.
1370 1976 2143 2026 El general von Ruel se levó un pinter que había
1292 2020 1668 2073 mado muelos precios.
1361 2065 2140 2118 El Principe imperial, el Príncipe Ruperto de Bava¬
1295 2110 2140 2166 na vel capitin parecida, famos autoridad en peros,
1295 2155 2033 2208 cien en le los mejores para en el Amo.
1358 2197 2140 2253 alemania tendra que devolver los perros hados.
1295 2238 2140 2291 otros de tanto mero como aquellos, eno de que no
1301 2283 1656 2336 puedan se los mismos.
1364 2331 2140 2384 La caza es un sport frances, y le será dificil a Ale¬
1289 2376 2143 2426 mania dejar ententos a los queños haneces que recla¬
1295 2421 2143 2471 man sus meninos perros que endan y potenen los
1301 2462 1958 2515 bajos de preis como verantes ptore.
934 590 1618 646 SECCION CIENTIFICA
1047 3104 1450 3154 Ayuntamiento de Madrid
1292 2579 1997 2638 Fotografía de Sir Archur Conan Dogle.
1370 2636 2143 2686 Un medium espiritista tomó una fotografía de Sir
1295 2680 2027 2730 A con posee que es por cierto supernormal.
1367 2722 2146 2772 junto á en igura aparece la cara de un hijo so
1289 2767 1415 2817 muerto.
1364 2809 2149 2859 El autor de "Sherlve Holmes ha examinado la
1295 2847 2140 2900 camara para evitar un frande y el otrato desarro¬
1289 2892 2143 2945 es presencia la placa y en seguida plo verse demás
1289 2937 2024 2990 de la fen de Conan poete la cuna de su mi¬
