2479 3508
567 587 886 637 FIA BOTANICA
358 641 1155 697 Se ocupa ésta de las causas que motivan la distribu¬
289 692 803 745 ción de las plantas sobre la tierra.
364 734 1164 787 Llamase medio los agentes que rodean la planta, e
286 781 1164 831 moven en su desarrollo como el cima, el suelo el sie¬
286 820 1155 882 y los seres orgánico que pueden perimienta y avor¬
286 871 382 924 ena.
370 907 1164 966 Venetación, es el conjunto de los individuos vegeta¬
295 961 644 1011 les que cubren el suelo.
367 999 1164 1055 Flora de un país, es el total de especies vegetales que
295 1047 1164 1103 se encuentran espontinas en el Hay diferencia entre
292 1092 585 1148 mor y verenen.
364 1131 1164 1193 Aren de dispersión de una especie es el espacio que
295 1176 1158 1238 guna en la tierra, el cual no siempre dende de la li¬
295 1226 1164 1279 no pues a veces inquen en este las inas termas,
304 1268 1161 1327 por eso las plantas abaran fres más o menos entenas.
292 1316 916 1369 Son muy raras las encios comopollas.
370 1355 1158 1414 habitación de una planta es el punto donde reside
292 1399 1164 1458 prospera Scin el las plantas piden ser antes.
295 1447 853 1500 arrostros labios rierenas, se¬
373 1486 1161 1548 La mario de una especie es la resión donde apre¬
292 1540 791 1590 cio primera y espontineamente.
355 1591 1122 1653 RELACIONES DE LAS PLANTAS CON EL
659 1644 806 1697 SUELO.
364 1698 1173 1757 Muy estrechas son las relaciones que tienen las plan¬
286 534 1152 587 LIGERAS INDICACIONES SOBRE LA GEOGRA
286 1752 871 1805 tas con el suelo donde se desarrollan.
370 1791 1176 1847 El selo inmove en la veretación y en la hora, por¬
301 1841 916 1894 su maturalora química y por la calidad.
370 1880 1173 1936 El suelo la de contener todos los elementos para
298 1922 1164 1981 la vida del vereta Tambien el subuelo igros inamen¬
298 1964 1167 2026 la en la vida verinita, por en mavoro menor permen¬
304 2006 1176 2070 bilidad o ligrosopiciad es decir, por su matural despo¬
301 2062 871 2115 ción alumntre tener los agua
370 2101 1173 2160 También el cima inque muelo en la vida de las
301 2146 1173 2211 pientos. Sabido es que el cima varia, no solo con la
304 2191 1167 2250 fonsima, sino tambien con la altura y sinación topogra¬
304 2244 647 2294 Rente las localanos.
325 2292 1155 2351 UTILIDAD DEL ESTUDIO DE LA BOTANICA
376 2349 1173 2408 No es una cuestión baladí el estudio de la Botánica.
301 2397 1176 2456 Nade puede deconocer el papel importante que desem¬
304 2441 1170 2500 pero en la cultura moralación riquena y mogreso de
307 2495 483 2545 los pueblos.
370 2534 1179 2590 Se educa al hombre cuando se le pone en antitud
298 2576 1167 2632 de sobellevar las luchas de la vida, y enano se hacer
301 2621 1170 2680 mor en su alma todos los buenos sentimientos que la
304 2662 1173 2724 linan al bien Nala hay que apre mejor el senti¬
304 2713 1107 2766 miento de lo lo que el escilio de la Naturaleza.
382 2755 1173 2811 por eso due el eminente peduroso Petalbri, ha¬
304 2797 1179 2859 mentándose de la marerencia con que se mira este estu¬
307 2842 1179 2906 do en la cula promar la Naturalor, otro en
304 2892 1179 2945 abundencia ensetículos encantadores, y sin embargo
307 2934 1179 2993 Europa, no ha helo mada para despertas en los pobres
310 2982 919 3038 niños el sentimiento de estas benes.
1277 528 2063 584 "En vano sale y se pone el Sol en vano nos mues¬
1203 581 2068 631 tan sus mumerables maravillas el cielo el bosque el
1197 626 1656 682 pado el vale y la montaña.
1274 662 1922 721 rolo eso es letra muerta para nosotros.
1277 710 1997 763 otro pensador M. Camile plamarión anade¬
1271 749 2065 805 manar la Naturalera dele de ser al gran inter¬
1200 799 2068 852 nelectual de nuestra vida. Sin que estigio unimos
1203 844 2068 900 en ma mundo deconocido en ener en donde estamos
1200 892 2071 945 ni me amos. En la ontemplación de lo pelo en la
1200 937 2063 987 Naturaleza, que no es sino el esplendor de lo verdadero,
1203 982 2068 1035 sentimos afumarse lo puero y brillar en nuestras almas.
1271 1023 2063 1079 este respeto el gritor fres I. Lestante es¬
1206 1068 1480 1121 pue lo iguiente.
1274 1107 2068 1163 cultivemos en el niño el instinto que le inclina a
1203 1149 1910 1211 admirar las dores, las plantas y los animale:
1271 1199 2071 1255 La nación moderna que demuestra mayor empero
1209 1244 2077 1300 en despertar en el niño el sentimiento de la bello, por¬
1200 1289 2065 1345 medio del estudio de la Naturaleza, es los Estados tin¬
1206 1340 1543 1390 dos, sin duda alguna.
1277 1376 2074 1432 El estudio de la Botinica en los países antilanos, es
1206 1423 2077 1476 no solo un medio de elevar el entria de los mas hacia
1209 1465 2074 1527 todo lo noble y bello, sino el de formar un pueblo con¬
1206 1513 2068 1569 habitos de investención y laboriosidad los culos le por¬
1206 1558 2077 1614 miran emplonar en su propealo tantos manantiales de
1206 1603 2077 1658 riquena, como existen en nuestra Flora, que se perin¬
1209 1644 2074 1706 ignoralos sin que mante los son una ejemos
1209 1689 2074 1745 metros hijos admirar la hermosa Naturaleza, y ellos
1209 1740 1621 1793 serán religiosos morales.
1280 1776 2080 1838 ponde quiera que a las caricias del viento susurre
1212 1823 2080 1879 a abor y se lupie una dor de una el una de las
1206 1871 1904 1924 fondas elevando al cielo su cántico surado.
1283 1913 2080 1969 Ainiremos a Dios en su grandeza y rinimoste el
1209 1955 2083 2014 tico culto digno del hombre pensador el de amor y ad¬
1206 2000 2074 2059 ninación a la Naturalera, la obra escla de su sa¬
1212 2053 1474 2106 biduría y poder.
1504 2140 1797 2193 USTED
1212 2209 2080 2268 SUSCRIBASE O ANUNCIESE EN CUALQUIERA
1340 2256 1952 2315 DE LAS SIGUIENTES REVISTAS”
1857 2346 2074 2396 SUISCRICIÓN.
1218 2388 2074 2441 La Hacienda......................... S Do al año.
1862 2430 1952 2482 9
1218 2432 1439 2491 taron
1522 2438 1836 2491 —
1868 2468 1994 2527 15
1215 2474 1836 2533 El encio de la toda en españa.
1865 2507 1997 2575 De
1221 2522 1833 2578 mue peinenoro en ineles.
1871 2555 1994 2617 o
1218 2567 1833 2623 A American union en emaño.
1865 2597 1997 2665 y
1218 2612 1839 2665 Pan american por en elle.
1871 2641 1997 2709 9
1218 2656 1839 2709 amente.
1218 2701 1842 2751 internacional Cinena made nevies
1871 2731 2003 2796 200
1292 2749 1836 2808 en mome.
1221 2779 1997 2844 m Comere. De
1224 2821 2000 2886 Terlo de la Mujer... y
1256 2883 1758 2939 Representante para puerto Rico.
1459 2928 1845 2984 ¡AME Y PATROT.
922 441 1433 494 HERALDO DE LA MUJER.
1032 3134 1453 3187 Ayuntamiento de Madrid
