2479 3508
982 474 1471 527 HERALDO DE LA MUJER.
397 555 850 611 en lo
1597 558 2095 623 A 1
904 587 1582 649 SECCION FEMINISTA
379 599 656 649 na
379 737 1465 796 grama del secretario pantele referente a Nora, Capor la muierdor.
665 770 907 823 y pales, en
370 776 456 829 mina.
456 814 1221 879 "La larga lucha para conseguir el voto para la mu¬
382 862 1215 921 en fue sanada en malesica, cuando la contención peno¬
379 901 1224 966 nata del estado se deduro en favor de la paticación
379 943 683 1002 de la camen
447 982 1215 1049 La Legislatra de ese estado fué citada á sesión
370 1029 1221 1094 estrordinaria, para pueder a la paticación, dandonos
379 1077 812 1133 y estado que necesis¬
441 1110 1218 1181 Norta Carolina enta á va y a sus cooperadoras,
370 1161 901 1223 congratalaciones y enorabuenas.
868 1256 1149 1309 Josephus Daniels.
444 1334 1221 1396 Según esto, vemos que la raticación a la enmienda¬
370 1376 1215 1438 de la Conarinión es un hecto, y como la Constilusi¬
370 1420 1212 1482 sana un hontra el de menos encio enaremos en
370 1462 1212 1524 piero moral ento para la mujer por de los los
373 1504 1215 1566 tamenos encios y abraciones de lo y los mis que
373 1549 1212 1608 en te pensando va en cumplir los mujos deberes que
373 1588 961 1650 las impre al puro de los tempos:
438 1632 1209 1697 Entones las feministas de puerto Rey pronores.
364 1674 1212 1736 nos en las principales placiones sensales el curo de
373 1719 1212 1781 mananta, que las car esta engranto en los pa¬
370 1761 1209 1826 dos pura instrura todas las ciudadanos en sus cos
370 1806 635 1862 pongos deberes.
435 1856 1209 1915 A propósito de esto, referiremos una anéedota ocu¬
367 1898 1212 1957 ria, a las lla porter pover que espira en pasion¬
373 1943 731 1999 luciones de culimia.
441 1988 1209 2044 Muchas mujeres que nunca han sido sufragistas es¬
364 2026 785 2085 tin quiendo sus ciones.
406 2071 1215 2133 Una de ellos se neros a Mrs. La porter y le hijo:
373 2107 1161 2175 segura yo necesito que pa, gra que vo soy mir.
435 2161 1206 2217 Mrs pover consta No habrá tal con en ad¬
447 689 2110 754 El mes pasado recibió Mrs. Cat, el siguiente tele: lante. Cada mujer ahora, será o una patriota o un cero a
1325 784 2098 837 Eso mismo les pasará a las puertorriqueñas cuando
1256 832 1633 882 nos conceden el sufragio.
1322 871 2095 924 O serán patriotas ardando á los partidos de orden.
1253 913 2098 969 para que personas inductas no puedan apoderre del
1259 958 2098 1011 gobierno, y erán dulos malidades, seres intiles para
1256 1002 1591 1052 la enor de la para
1322 1041 2092 1097 Pero no hay que confar en nuestras mujeres, ellas.
1256 1086 2098 1139 aque timidas e irelas vers por prelicios m¬
1253 1128 2095 1181 tales en la praron se la ustos que evolucionan por¬
1253 1176 2098 1226 bo hacia el progreso cuando no se las pide que aguen
1256 1217 2098 1270 los de milleras que para cos no tiene valor su hermo¬
1256 1262 2101 1312 o corazón de latinos educados con la perno quebrado y
1247 1301 1373 1354 a mu¬
1319 1346 2095 1399 Y a pesar de eso, admira ver con que valentía y efi¬
1259 1388 2092 1444 casin han respondido á las nuevas prientaciones de su¬
1256 1432 2098 1485 no y trabajo las alas pacuelas y la bavenidad estin¬
1250 1474 2092 1530 llenas de la mor y nata de muestras en adolorentes y
1253 1519 2095 1572 los querios y alores de industrias femenine de mi¬
1256 1564 2098 1614 jeres de todos los vedades decosas de traban de un
1259 1605 2098 1658 modo enconte y dieno. Es un despertar hermos a la
1253 1647 1477 1700 vil, modema.
1313 1689 2095 1745 Son aún tímidas para expresar su pensamiento; le
1253 1734 2092 1787 temen a la ruien remplona y lavacana, a veres di¬
1250 1776 2095 1832 mos restos del macilio inco que irreres por alo¬
1253 1823 2098 1876 a los impulos de la mujer y de su mela hacia la
1322 1907 2095 1960 Tampoco se atreven a luchar por sus derechos, le
1247 1949 2098 2002 temen a blo pero es camino eniendido que nos y
1256 1994 2098 2047 espiando el progreso de los tiempos, ya lo anima la
1256 2038 2092 2091 puertorriquena, con mo seno y con toda la mosa y
1253 2077 2098 2133 cuater que la caracteria es questión de tempo, 19
1256 2125 1800 2178 me lo de ser en ESPEREMOS.
1573 2167 2057 2223 HERALDO DE LA MUJER.
435 2382 1215 2441 y satisfecho el americano por haber expresado su
370 2427 1206 2482 pensamiento con la sinceridad y franquera que le aca¬
364 2465 1209 2530 estaban quiene enrerlo hacia la hemos ella y
370 2510 1209 2569 minole una mano que oprimo con amor porme¬
367 2555 1212 2614 nueva eñorita e o más lormano que tiene esta
373 2597 552 2650 bella tierra
435 2638 782 2697 dracias, amigo mio.
435 2680 892 2739 bramos hora Más sora.
432 2728 1209 2781 La mbia Mis entre ruborosa y languida decía con
364 2770 573 2823 suna gracia:
435 2812 1215 2868 —Yo no se como hacer versos sólo un pensar mí¬
361 2856 459 2909 decir:
400 2904 1215 2954 ¡Qué hermoso es amar, al rumor de las olas, y bajo
1230 2331 1973 2387 NOVELA POR ANA ROQUE DE DUPRER
1319 2388 2098 2447 Irma se mordió los labios, y lanzó a la Miss una
1247 2432 1507 2485 mirada de for¬
1322 2477 2068 2533 Leila con sin igual gracejo se aprestó a brindar:
1474 2540 1851 2596 —En el cielo de mi patria
1424 2594 1704 2647 un lucerito brilla,
1424 2641 1773 2694 es la estrella primorosa
1421 2692 1836 2745 de nuestra enseña querida.
1456 2740 1770 2793 El que bien la ama
1418 2794 1770 2847 a mí también me ama¬
1421 2844 1755 2900 y el que me la ofende,
1415 2895 1728 2945 mi desden reclama.
1424 2946 1964 2999 Viva Puerto Rico, tierra boricana.
850 2256 1218 2315 GOOD BYE
1253 2262 1576 2318 FOREVER
1041 3104 1444 3157 Ayuntamiento de Madrid
