2479 3508
958 414 1453 467 HERALDO DE LA MUJER
394 507 1185 563 —Y vivan las hermosas de toda esta comarca con¬
304 555 585 611 testo Don Pedro.
382 599 818 655 Tocole el turno a millama
403 644 1179 694 Me gustan las rubias admiro las morenas, y di¬
310 689 895 742 choso me encuentro entre todas ellos.
397 734 1179 787 Y que nos de Jorge a presente pon Pedro.
394 776 1188 829 pues Jore los que contesto el aunido levan¬
313 823 555 876 tando su copa:
397 865 1194 921 Que busco una maga, que me haga feliz. Por que
316 913 877 966 no encontala acago esta amu¬
391 958 1191 1008 Entonces inis con un monín encantador le contesto:
564 1047 940 1100 ¡Qué bobo es mi primo
498 1092 761 1145 y me sin que¬
501 1137 967 1190 pues no quiere el buen moro
489 1182 818 1232 ni amor inseguir
397 1271 1191 1321 Un aplauso resonó en torno de ella, y Violeta, la
1304 510 1830 560 A las cuatro estaré en el jardín.
1301 552 2092 605 Convenido, adios y furtivamente deposito un
1218 599 2003 649 ardiente beso en la aistocrática mano de la vida.
1289 644 2092 700 Esta los vio desaparecer en los recolos del camino,
1236 689 1857 742 y ma ola de felicidad colores su rostro.
1334 734 2095 787 que nadie me moleste, quiero descansaredio a
1224 776 1859 829 Marcola al penerar en sus habitaciones.
1295 820 2092 873 Desponde del rastro sombrerillo y hundiendo su
1227 865 2098 918 cabeza en la alonada oro sin consuelo muelo rato.
1224 910 2092 963 hasta que se quede dormida pensantos que tendra que
1501 1044 1821 1097 ADIOS ETERNO
319 1316 1194 1366 famesita espiritual, como le decían brindo a su ven en
316 1361 513 1414 esta fora:
391 1402 1188 1455 Yo brindo por todos tirios y trovanos y pido a Don
322 1450 910 1503 Pedro que me de su ma.....
394 1492 1200 1545 levantose este como una tromba, y tomando la ma¬
316 1540 868 1593 no de Violeta, in con desentado:
417 1582 1191 1635 dracias, señorita, enindo tan honrado se ha visto
316 1629 821 1679 ma buen ibaro con tal agnajo
397 1668 1197 1727 Pero en su carita de niña bonita estor vo mirando
328 1716 1021 1772 que del pobre uno se está usten humando.
403 1761 1197 1814 No es bula mio violta con cortestar pero
325 1806 979 1856 va. caballero no me ha dejado continuar.
403 1847 1203 1906 que me de su mano dijer para mila a la de ma¬
322 1889 1200 1945 mudia, más bella más ra más maia y bonita, que esta
322 1934 1200 1996 sola y tiste pugando al adomis que ena mimarla con¬
322 1985 1161 2038 mundo canciones de s perrecita, con usto o entura.
412 2023 1191 2079 y un es mos que con ario pon Pedros moleran¬
322 2071 1197 2130 bre de cuatro que tenido tenia en sus muila, y
322 2116 1203 2175 merandolo con maestria ento unas decimas inuras.
328 2158 1203 2217 fios los ojos en lma las cuales sempre terminadan en
322 2206 1200 2265 algún quio ngenioso que hacía deternor de ris a la
328 2256 549 2309 precia.
400 2292 1203 2351 La tarde caía lentamente, y después de volver, cual
325 2337 1209 2396 bandados de painos a los quetos e ienes y las parcias
328 2385 1203 2444 le morios a contemplar el mar y lunar sus pies en la
328 2427 1203 2488 morible arena grando del emetículo sublime de una
337 2468 1200 2533 brillante puesta de el que se inciaba, polvieron preso¬
328 2513 1200 2578 sos tomar sus cabalenturas y antos dando un ruiloso
331 2564 1206 2620 que y con cutos y gritos de tilo se depieron de
328 2603 1206 2668 aquellos lugares inciables donde por un momerto los
334 2650 1200 2712 ba encido la felicidad Despidierones de pon Pedro.
334 2695 1203 2757 a que initaron a celes compañía algunas vera en
328 2743 1134 2802 sus ranectivas enas y se dirigicon a sus hogares.
412 2785 1209 2847 Al desar a la residencia de ma milian se las
334 2833 1212 2892 presuroso para dar la mano a la hermos vinda al bajar¬
334 2877 743 2933 de mo y dile al oido:
441 2919 1206 2978 rengo que hablarle, frma a que hora podre verle
337 2973 471 3023 mañana"
1295 1134 2101 1187 Desapacible amaneció la mañana que siguió a tan
1224 1176 1433 1235 hermoso día.
1295 1226 2101 1279 El invierno tropical con su llovizar majadero, aso¬
1227 1274 2098 1324 mo su cara al salir el el y las plantas del jardin
1227 1319 2095 1369 brillaban cual si una luvia de diamante las labios
1233 1367 1373 1417 biento.
1301 1405 2101 1461 Las retozonas reinitas revoleteaban inquietas en el
1230 1450 2101 1503 palemito de la habitación de ma, eserando los mi¬
1230 1498 2101 1551 guitas de pan que eniños la joven los arrojaba todas las
1238 1543 1385 1596 mañanas.
1304 1591 2104 1644 —¿Qué alegritas están mis flores penso Irma al
1230 1635 2107 1688 abrir la ventana que daba al jardín, estina con un agro
1238 1683 2015 1739 penador de musina rosa inmedio de encios.
1310 1728 2101 1781 que hermosa estaba en aquella nglige ena¬
1241 1776 1358 1826 tadora
1337 1823 1839 1879 ¡Qué lástima de lluvia decía.
1271 1865 2107 1918 Mas la miebla que subia de las montaños que se dis¬
1241 1910 2110 1963 tinguian al norte se ina dispando y al calo de algunos
1241 1955 2104 2008 horas un brillante el hala desparcer las gotas di¬
1236 2003 1785 2053 mantinas que cubran los plantas:
1313 2041 2113 2100 A pesar del tro puertorriqueño que se dejaba sen¬
1241 2086 2110 2142 tr ima se dirigió al paño y inero de hacerse la tiene
1244 2134 2107 2190 de la mañana, pas al comedor donde le esperaba su her¬
1238 2182 1609 2235 mano para el desano.
1313 2224 2116 2276 parece que estís muy fatigada, Irma, te habrá
1238 2271 1579 2324 hecho daño el paco?
1328 2319 2119 2375 —No, este rico café con leche con sorullos de maiz
1244 2367 1722 2426 mes lleco, me confortara.
1328 2409 1806 2465 con le precio don Pedra
1340 2453 2116 2506 ón excelente caballero, a pesar de ser ibaro de la
1241 2504 1346 2554 altura.
1334 2552 2116 2605 —¿Sabes lo que me dijo? Que si tú lo aceptaras,
1244 2594 2110 2656 pedría tu mano. Es hombre comodado y no desmeros
1241 2644 1839 2697 en minguna sociedad. Pienalo bien¬
1316 2689 2110 2748 Irma sonrió con tristeza como si todas las conve¬
1241 2737 1961 2793 niencias de la vida le fuera ya indiferentes.
1319 2779 2110 2835 Ela tenía la convición de que ilian era el pro¬
1244 2827 2119 2880 mendo esposo de la interesante americana. que podia
1241 2874 1627 2927 esperar va en el mundo?
1871 2961 2101 3014 Continuación.
1038 3137 1453 3187 Ayuntamiento de Madrid
