2479 3508
976 468 1474 518 HERALDO DE LA MUJER.
370 695 961 751 Alta Escuela de Rio Piedras.
444 728 1221 787 oracia a las gumnas del Sr. Romo en la le¬
370 773 1221 834 planura en pera e atalma otra es la mel Soto.
370 820 1218 873 en esta polución y el pueblo este muy ententos en es¬
376 871 695 924 Amado Nerio.
450 904 1221 963 Para el lunes día 2a se preparo en el atenco una
373 946 1221 1002 velada en honor de este menino poeta mericano que
373 987 1221 1046 en ante tantos ampadres pasión hermosa para
376 1032 1221 1091 ustos vales. La mejor esa delicada al poeta, mue¬
376 1083 716 1133 eno, gra menini¬
376 1131 865 1181 Camen R. de Corrova
456 1164 1227 1220 Nuestra umada amiga, después de la sentida
1256 680 2101 739 de la Correccional de Mayagiiez que llamó la atención
1262 731 1543 784 por sus propeas.
1325 770 2107 823 Hacemos extensiva nuestra felicitación a la Sra.
1259 814 2107 867 perio de obrer por sus trabajos petorios, y a la tan
1259 856 2101 912 preciable Lostra Conder, por su variosísima labor en el
1262 904 1665 957 Agio de quiera de pones.
1262 952 1764 1005 La Conferencia Teosófica
1328 987 2107 1043 de celebre en este mes una velada reosinen en su
1259 1026 2104 1088 Losa manal coraero No, 190 y ando sobre manera in¬
1262 1071 2110 1133 terante Cero el to la Srta. Concia Maender con
1259 1116 2113 1175 ma atinada luegración obre ellosorta, que le honor¬
1268 1256 1397 1306 pensan¬
1259 1301 1707 1354 La visita de Pershing.
382 1301 1021 1354 Exposición de trabajos escolares.
447 1340 1227 1396 EL muelos pueblos la habido salicción de trabajos
376 1382 1218 1438 nenos en la suelos La de muy piedras fue un es¬
379 1423 1107 1485 punte del trabajo asus de niños y matros.
417 1471 1221 1524 La con la gue el mun vo grado cargo de la Sra.
385 1513 1227 1569 carión a la que muitamos por su merecido tinto:
379 1555 1224 1614 que todas las escuelas presentaron trabajos notables
379 1600 1155 1658 tamben las rrales a los muestra felicitación.
382 1650 818 1703 En honor de Camos
447 1683 1224 1739 Ha tenido lugar en el atenso una magnito, velada
376 1725 1215 1784 en que se le dio el trinto debido a ese notable mos;
382 1776 671 1829 or puertorriqueño.
379 1823 707 1879 Feria Resional
459 1856 1224 1915 May con arrila se vio siempre la promovida por la
382 1907 940 1957 que hora principios de este mos.
453 1943 1230 2002 El Comercio presente eshibiciones valosas, sobre
382 1991 1230 2044 todo la casa de Sanche, Morlos con su bonto tan toro,
388 2041 629 2094 y as verlas.
453 2074 1236 2130 Tue Grolier societo con sus famosos libros, obras
382 2116 1230 2175 monumentales y esplendras que no deben de faltar en
382 2167 797 2220 mio cas de petona cula.
453 2203 1227 2259 Custa y Schira con los primores que jamás faltan¬
376 2253 767 2306 en cos enas morales.
453 2292 1236 2351 Pero lo más interesente de la Reria ha sido sin
382 2331 1233 2393 ma, alguna los trabajos de los cuelas princialmen¬
388 2376 1224 2438 te las primorosas labores del Alo de Ninis de Santi¬
382 2427 883 2480 en curo de la Srta. Santia.
453 2465 1233 2524 Los calados y horiados prelma inteligencia y arte
388 2510 1236 2566 tabismo. Nuestra felicitación entusista rambien
391 2555 1236 2611 llamaron la atención los trabajos de la cuela Lincala,
391 2594 1233 2659 y al poembres de culos trabajo de portalo imos,
391 2641 856 2706 por una cuela de Maejer.
462 2683 1230 2742 No hay duda que Puerto Rico tiene muelas muje¬
391 2725 1227 2787 res atistas que sa quistran levantar el vuelo y otros re¬
391 2767 1236 2832 siones más altas talia, salarian arosas en a patrio¬
388 2821 588 2871 co empeño.
444 2853 1241 2915 A todas las Escuelas de Puerto Rico nuestras congra¬
388 2907 552 2960 tilaciones.
456 2946 1244 3005 Así también a las Bandas Escolares, sobre todo á la
1346 2182 2122 2241 Y lamentanos la basta muerte de mundonoros
1271 2226 2119 2288 mitar para Cano. A su familia muestra entida co¬
1268 2280 1412 2333 dolencia.
1271 2331 1531 2381 Regresaron
1340 2361 2116 2426 De España, nuestros distinguidos amigos don Joa¬
1265 2409 2119 2471 min uno y en enora angeliz C. de Miño. Nuestro
1274 2465 1385 2515 saludo.
1277 2504 1916 2563 Una caseta para los tuberculosos
1343 2537 2116 2599 Coneada por los espristas de la isla enara el sa¬
1277 2585 2125 2644 morio un casta Las mota delen enviarle a la
1271 2630 1949 2686 Sra. Mola D. de Astor reilente en Arcio.
1274 2683 1707 2739 Matizado de la Caña.
1346 2713 2125 2775 Elteramos al en del vale eno por su valioso
1271 2761 2128 2817 escubrimiento acerca del Matizado de la Cana, y por su
1274 2812 1671 2862 prerenen en el pento.
1343 2850 1934 2903 Deseamoste el mavor esito pecuiario.
1265 1161 2107 1217 la conterncista Nuestro aplango, y adelante macia
1265 1202 2110 1261 la la amiga mía Nos son impicas las mujeres que
1331 1340 2113 1399 Hemos tenido aquí de huésped al héroe de la última
1268 1385 2119 1444 erra. Una here encillo y demograta, que le grada
1268 1429 2110 1488 bailtura y que para todos tiene amabidad y reta. A.
1268 1471 2119 1530 que del remos ocurado al punte que lo levaba, oro
1268 1519 1767 1575 que demorne mi más hemo.
1262 1564 1848 1623 Las poetisas puertorriqueñas.
1334 1600 2119 1658 Taforean en los propuestas para la elección de
1268 1650 1782 1703 los quer poesías nuestras poeteas.
1259 1701 1516 1754 M.. Miler.
1340 1740 2116 1796 Fué confirmado en su empleo nuestro Comisionado
1268 1788 1952 1841 de Educación. Reciba muestra enorabuena.
1265 1835 1447 1891 Obitos
1334 1877 2110 1939 Grande ha sido la impresión que en sus compañe¬
1262 1925 2113 1984 pos de niversidad enno la muerte de la estuosa Srta.
1265 1964 2110 2029 Angelos Valivieso, Reciba en familia muestra condo¬
1265 2020 1373 2070 lugia.
1334 2053 2116 2112 También la damos a la familia de la Sra. de Cer¬
1271 2098 2119 2157 ven ya la de la Sra. Tadel F. de tengorita falecido
1265 2143 2077 2202 mus en esta población donde eran muy estimadas.
1642 2934 2057 2990 Mararita DEL PRADO.
1050 578 1394 628 SOCIAL
1041 3086 1439 3136 Ayuntamiento de Madrid
