2479 3508
310 617 1125 670 Procura en tu tierra no valer nada pues aunque
235 662 1128 718 comprendas que no sales y la modesta siempre le
238 710 1116 766 me si algo valores te hara pedazos la envilia insana.
238 755 1122 808 bajando los méritos si los quieres, ma muerte al
238 799 1125 852 nuel de los que pretenden poser elos glos, toda la
241 844 1125 894 ciencia del vero y lleras no pueden que hara quien¬
238 892 794 948 perte su egolatria omisipiente.
310 931 1128 990 En esta fera aún primitiva en ciertos respectos, es
241 979 1125 1040 gran pecado audar á su progreso con lo estudiado pues
241 1020 1125 1076 me alcanos erur de algo sio un punto blando se
247 1065 1128 1127 hace de la inuna aura de los que se considera sa¬
244 1110 1119 1166 los magnibles, porque han hojendo cuatro o de pa¬
244 1158 1122 1220 sinas de un libro raro y en se creen el non plas ilo de¬
244 1202 1125 1258 la piencia y los como patos se parmen ho el
244 1250 453 1306 mas mostro
319 1292 1125 1345 Otros, en su latinismo, pretenden siempre, ser sólo
250 1337 1125 1393 ellos, los guardadores del almo, templo donde anera
247 1382 1128 1441 tiene en agiento. Y a pedrada impia, reciben al cado
253 1429 821 1485 que pretende la ecala pirar enitado:
319 1468 1131 1527 Si en este pueblo tan desgraciado, mue puede
250 1513 1131 1575 audar a los suros con las brillantes y pacos haces que
253 1561 1131 1623 Dos le ha dado, en será su progreso Cono a la
253 1608 1128 1670 la Esto no mas con los verdadernente capaciados.
322 1650 1131 1706 si sio unos pos huieran el derecho, inalemani¬
256 1695 1140 1757 vino de ante al pueblo lo que sus entendederas claras
250 1746 635 1802 turbias los suerteran?
331 1788 1131 1847 Pas que ataja el comercio de ideas, es tierra infor¬
253 1841 388 1891 tunada.
328 1874 1131 1933 La crítica es magnífica, y es acicate del buen estu¬
250 1928 606 1981 do siempre la critica.
334 1967 1137 2023 Pero para ser crítico se necesitan tres cosas muy
256 2020 450 2076 principales:
331 2056 1143 2115 Primero, ser caballero, para no echarse lodo á sí
253 2098 1137 2160 mismo y al respetable público que le empleando sen¬
1164 611 2039 667 pre, ese lenguaje bien canallesco, que delata al inculto,
1161 653 1806 715 que a falta de nones, van al insilos.
1236 698 2036 757 Lnero tener sensien bastante para ser ecuanime en
1158 740 2024 802 sus juicios lo que solo alama, el que la materia domi¬
1158 796 1486 846 na de la cual tra.
1233 835 2039 888 Y por último, ser progresista, para no espantarse,
1161 877 2030 933 de las dos mueras que a los espone el que con su en¬
1167 931 1648 981 bea digurre media y piensa.
1241 970 2045 1023 La evolución de ideas es bien necesaria. sin ella,
1164 1011 2039 1070 n amerios existera sin para el mundo civillo; ni¬
1170 1059 2042 1115 brillarían los inventos que la humanidad en su brera va
1167 1101 2045 1163 conquistando siendo el estacionamiento signo de arreo.
1236 1143 2039 1205 Pero la humanidad rebelde dejar lo filado, siem¬
1167 1191 2042 1249 me amostra y aliere al muy pado que es llama que¬
1170 1235 2042 1291 lo morales por imposición del progreo que a¬
1164 1277 2042 1339 le pide que nente el martirio, que todos los morado¬
1167 1328 2048 1387 ros han padrido Desde saronria. Ciordano prmo.
1164 1370 2042 1432 esteristo, Callen Colón y tantos otros, que magaro¬
1176 1417 2045 1476 en su muerte cuando no en su fama siempre algrida.
1170 1459 2045 1521 la previsión hermosa de los grandes misterios de nuestra
1170 1516 1256 1569 vida.
1241 1546 2039 1611 Y los que en pequeño vienen luchando en las socie¬
1170 1597 2048 1655 dades de nuestros las cuando no lo muerte, que tal
1179 1638 2051 1703 ven de buena gana se la durían reciben siempre her¬
1170 1689 1877 1745 arosos con que los posania la baja inuina.
1215 1734 1773 1793 Mas, quien hace eno de borias?
1250 1776 2057 1835 sican los grillos cantando como los plaza, a dere
1179 1826 1752 1882 choso muertos entre las raras.
1247 1865 2048 1924 Y serenos cumplamos con enterera, el mundato su
1176 1910 2051 1975 pero que nos impula por eso camino abrunto, que el
1179 1955 2060 2020 imperioso pestino firme nos traza, para servir á la patria,
1182 1997 2054 2065 y al ideal bendito, grande infinito que allá en lo recon¬
1176 2044 1859 2106 ato de nuestro ser aliento el alma....
1836 2092 1988 2142 LOTIS.
880 399 1376 455 HERALDO DE LA MUJER
853 507 1403 563 PLUMAZOS
1027 3149 1453 3202 Ayuntamiento de Madrid
287 2337 1985 2401 LU HO CCa pala de al
531 2507 1809 2569 Es un pucil caupo ue ella
331 2633 1982 2700 Nosotros le ofrecemos lo mas Moderno en este lamo.
982 2779 1349 2835 VIIIENOS
543 2913 1824 2969 FERRE IERIA FILA Y
