2479 3508
994 432 1465 485 HERALDO DE LA MUJER
847 549 1725 599 MODAS DE PRIMAVERA
821 650 1752 703 Este precioso traje de novia de CREPE DE CHINA, es la su¬
889 689 1656 742 pena el manea parecen su sencier con
1080 725 1489 778 para con el elegancia.
826 773 1755 826 Y las flores, esas sonrisas de la naturaleza, son el completo
892 808 1692 858 guna para muera amar en las almas
943 844 1648 897 senta del campo de la vida corando con¬
1012 880 1561 933 los orientes antes de la con¬
824 928 1758 984 TRIUNFO DE FRES CAPULLOS DE MUJER. Van a graduarse,
889 964 1695 1014 es pares con encantadores pareccionados en una
928 999 1665 1052 un es una y arros poner esos que
970 1032 1621 1088 ponen las madres en la tiene que es
997 1071 1588 1121 arras van uer en da que mue
1027 1104 1576 1157 prener la sanción de sus esculio
821 1182 1758 1235 BLUSAS A ESTILO DE PARIS Y DE RUSIA.
818 1250 1758 1306 PRECIOSOS MODELOS PARA SEÑORITAS, QUE ASISTEN
1047 1301 1555 1354 A LAS OFICINAS A TRABAIAR.
1173 2409 2149 2480 MARIPOSAS BRILLANTES DEL PORUENIR.
1170 2480 2155 2548 Tracitos de LINO BLANCO liso o floreado, o
1256 2528 2071 2599 bien bordados. llusión de las madres es¬
1295 2579 2024 2644 ver sus pares tan rozagantes, frescos
1436 2636 1898 2697 y bellos de faz radiante.
1221 2779 2125 2847 Todos estos Patrones se encuentran en casa de
1379 2874 1967 2930 VILLAMIL CO.
1770 2949 2164 3002 PTO RICO.
1164 2964 1453 3017 SAN JUAN,
1038 3086 1450 3139 Ayuntamiento de Madrid
