2479 3508
283 1892 1904 1948 blas un linglita, Migura y tan
609 2003 1573 2062 Para los Estudiantes
340 2098 1854 2163 Español para los Americanos
620 2244 1564 2303 Por Hna oque de upren.
1528 2361 1928 2417 PTO. Rico-
206 2370 773 2432 ARIO PEDRAS.
829 570 1815 625 F. Sa co¬
785 677 1845 730 San Francisco Esquina San lusto,
847 934 1916 984 llegados ahora por este correo, esta casa tiene
722 1005 1898 1058 un esplendido surtido de frajes preciosos de Corte Mo¬
725 1083 1898 1133 derno. Telas primorosas de Crepé de la China, etami¬
725 1149 1901 1208 na Georgette, Punto, lafeta, combinado todo con cres¬
731 1229 961 1288 pón aéreo.
859 1313 1904 1366 Vengan a esta casa las más bellas flores del pen¬
716 1391 1910 1444 sil riqueño, y saldrán más bellas con tan rico atrerzo.
1471 1597 1859 1647 Puerto Rico.
785 1603 1116 1653 San Juan,
749 2498 1991 2554 FRIRIRIRIRIRISTRIRIRIRIRIRIIIIRIRIRIRIRIRIRIO IIIIIIIIIIIIIIIIIIIIIIIIIIIIIIIIICA
525 2504 719 2560 e
206 2510 462 2560 FEMIRIRIRIRIRIIIII.
367 2606 1815 2662 MARAVILLO IVE
373 2728 1955 2790 Si quiere usted tener su pelo lacio, brillante y sedoso, y conservar su cabeza sana
211 2776 1988 2838 al mismo tiempo, use el procedimiento y productos de Mme. C. I. Waler, los cuales
211 2824 1982 2886 representa en Puerto Rico el señor T. Aguiar, productos que se venden hoy en la quin¬
250 2865 1988 2927 cala más popular de San Juan, la de Germán plaz Hermano, situada en la calle de 2
238 2910 934 2972 San lusto esquina á la de la Lana.
1779 2946 1862 2996 Adu¬
1035 3146 1453 3199 Ayuntamiento de Madrid
