2479 3508
970 701 1477 754 PLANOS
699 919 1842 978 A AL
710 2047 1874 2106 Esta marca de pianos tiene va una sólida reputación en Puerto Rico
603 2098 1868 2151 Asi lo demuestran los muchos testimonios que nos han enviado personas cono¬
600 2149 1871 2202 cedoras, y las cartas satisfactorias escritas por un gran número de poseedores
603 2197 1871 2253 de pianos Hovarde, que lo han usado por largo tiempo. Los pianos que ven¬
606 2247 1874 2303 demos en Puerto Rico son fabricados especialmente para los tropicos. El piano
623 2298 1877 2354 Hovard es popularísimo en Cuba. Artistas de fama mundial lo han ellogiado.
704 2349 1877 2402 Pida usted todos los informes que desee sobre precios al contado y a
594 2400 1877 2453 plazos a "La Casa Que Vende lo Mejor. Fieles a nuestro lema, vendemos el
597 2450 1871 2503 piano "Hovarde en la seguridad de dejar complacidos a los que deseen obrener
600 2612 1871 2668 Sanene morales go, ine¬
821 2710 1653 2769 LA CASA QUE VENDE LO MEIOR
594 2803 889 2856 SAN IUAN
1131 2809 1337 2862 PONCE
1540 2809 1862 2865 MAYAGUEZ.
1044 3089 1450 3142 Ayuntamiento de Madrid
