2479 3508
818 274 1642 357 PENINA
513 465 1928 524 REVISTA DE LITERATURA, CIENCIAS Y ARTES
800 510 1650 569 CONSAGRADA ALA MUJER.
862 626 1594 676 DIRECTORA ADMINISTRADORA:
752 677 1698 730 PETRONILA ANGELICA GOMEZ
1053 737 1403 787 Maestra Normal.
1059 838 1391 891 REDACTORES:
746 904 1701 960 MARIA L. ANGELIS DE CANINO.
304 949 1056 1011 PETRONILA A. GOMEZ,
1095 952 2125 1011 CONSUELO MONTALVO DE FRIAS.
797 1068 1633 1124 San Pedro de Macos, Febrero 15 de 1923
220 1071 349 1121 Año 1
2021 1077 2224 1133 No. 13
394 1238 2051 1300 PERFECCIONANDO EL HOGAR.
400 1480 1212 1536 ABREIS PENSADO, caras lecto¬
259 1510 340 1563 N
423 1537 1209 1590 ras mías, que mi humilde pluma
426 1591 1200 1641 os había dejado en medio al erial,
295 1617 382 1673 E
423 1638 1194 1694 sin que supierais el fin de la jor¬
203 1675 644 1751 pad
474 1746 1209 1802 Mas, no podreis juzgar por las
185 1800 1203 1856 apariencias ya que me teneis de nuevo so¬
185 1856 704 1909 bre la movible arena.
238 1910 1206 1960 Desierta está la playa, vermo el prado
188 1961 1212 2017 que se tiende tras las cúpulas enhiestas
185 2015 871 2068 del sagrado monte del ideal.
244 2068 1212 2121 El alma, en el desamparo de la realidad
185 2122 1203 2175 mas desconsoladora, fatigada comtempla el
185 2173 1203 2229 oleaje humano, como se rompe en la roca
185 2229 812 2282 invencible del destino....
241 2277 1209 2333 En tanto, la nave del progreso iza la
185 2334 1206 2387 blanca vela, con rumbo al puerto salvador.
188 2388 1203 2441 Sigamos la hermosa estella que marca su
200 2438 1206 2494 paso gigantesco y surquemos la mar con el
191 2492 1125 2548 corazón henchido de fe y esperanza....
238 2546 1209 2602 ¡Acaso lleguemos también mañana! Solo
185 2600 1197 2653 falta que á nuestro noble empeño se adune
194 2653 1203 2706 la pronta ejecución, y que acudiendo á
191 2704 1212 2757 cooperar en nuestra compañía el pello sexo
191 2758 1212 2811 hispano americano, se muestre una vez mas
191 2812 1191 2865 que somos capaces de llevar á cabo la mag¬
191 2862 1200 2918 na obra de nuestra emancipación por me¬
185 2919 1203 2972 dio del perfeccionamiento cultural, para
191 2970 1200 3026 que cerremos con broche de oro esta arries¬
185 3030 1206 3086 gada tarea y coronemos con el triunfo el fin
185 3077 1200 3133 que persigue nuestra mente en esta hora,
194 3131 1209 3184 en que escuchamos á nuestro oido una voz
1238 1483 2257 1536 muy queda, que nos dice sin cesar; floreced
1269 1542 2254 1593 y cread, como ameno paraíso en eterna
1259 1591 1510 1647 primavera.
1301 1644 2251 1697 Escucho, y voy al zafirino lago del ensue¬
1247 1695 2260 1748 ño, para beber en su linfa clara y pura un
1247 1749 2251 1802 nuevo raudal de ideas, para vaciarlo al ter¬
1250 1803 2068 1853 so papel que os llevará el mensaje.
1301 1856 2257 1909 Escuchad también vosotras esa voz que
1253 1907 2260 1963 os llama de lo alto al cumplimiento de un
1250 1964 1600 2014 deber sagrado.
1301 2015 2251 2068 Es una era de paz y bienandanza, o me¬
1256 2068 2254 2124 jor dicho, un paréntesis hecho entre nues¬
1256 2119 2257 2175 tros dolores y el porvenir incierto; no per¬
1247 2176 2257 2226 damos un instante, luchemos con denuedo
1256 2224 2254 2282 y comenzemos al instante la obra educado¬
1250 2283 2263 2333 ra. Comenzemos en el hogar, con nuestros
1253 2331 2260 2384 hijos que son nuestro principal deber; ha¬
1256 2391 2260 2444 gamos extensivo á nuestras compañeras
1256 2438 2266 2491 las madres de familia, este noble propósi¬
1250 2495 2257 2545 to llevémoslo hasta el aula, donde se for¬
1253 2546 2266 2599 ma el corazón humano y se fecundiza el
1262 2606 2263 2656 pensamiento á impulso de la sana prédica
1256 2653 1677 2706 moral y religiosa.
1301 2707 2263 2760 Modelemos las almas adolescentes, para
1253 2761 2260 2814 que suría una generación vigorosa, y rica¬
1256 2815 2257 2865 de savia intelectual que aliente en una at
1250 2865 2263 2918 mósfera pura y desprovista de pasiones in¬
1250 2922 2269 2975 sanas; y habremos cumplido con la elevada¬
1253 2973 2266 3026 misión que nos hemos impuesto en bien de
1247 3027 1967 3080 nuestra patria y nuestro sexo.
1495 3128 2215 3187 CONSUELO MONTALVO DE FRIAS.
1540 0 2298 100 A General de la Nala
1743 80 2060 157 HEMEROTA
