2479 3508
188 152 456 205 Fémina
1540 250 1677 309 E
979 256 1167 312 A
716 298 1713 354 E MO COR
423 501 919 566 POR Y PARA
1492 489 1943 545 Y PARTEMINA
149 737 1191 793 escenarios especiales, por ser comunes á
155 790 1498 849 todos los lugares y a todos los tiempos: sa duerme.
158 841 1188 903 había una vez, repito y prosigo, una prin¬
155 958 1027 1011 el encanto de propios y de extraños.
206 1005 761 1064 De su país y de los co¬
167 1059 767 1121 marcanos, los mas apues¬
161 1119 761 1172 tos caballeros rendíanla
155 1173 764 1226 homenaje; y al pié de sus
164 1226 746 1282 balcones, en serenas no¬
164 1274 761 1336 ches, gallardos trovado¬
161 1334 752 1387 res desgranaban las per¬
164 1385 764 1444 las de sus cantos: más, ni
161 1438 758 1494 los unos con sus valiosos
167 1495 767 1557 presentes, ni los otros
164 1549 761 1605 con sus amorosas ende¬
167 1603 740 1655 chas, lograban cantivar¬
167 1656 773 1712 la. Era, que en el tierno
167 1710 770 1766 corazón de la doncella
173 1770 776 1820 había vertido la duda su
179 1820 370 1876 veneno.
217 1874 776 1927 Cuando á solas, en su
146 1931 770 1984 regio camarín, recordaba
170 1985 770 2035 las frases de amor de sus
170 2032 770 2091 rendidos adoradores, sen¬
176 2089 776 2145 tía como si, acariciando
167 2146 773 2199 las flores de un rosal, la
176 2200 773 2253 hiciese un áspid. Y se
173 2250 770 2306 preguntaba entónces
191 2307 782 2363 me aman o codician mis
173 2349 414 2414 IA
232 2415 779 2471 Una noche, en que con
173 2468 779 2521 mas honda amargura se
825 2474 1627 2530 .........
173 2519 779 2575 hacía esta pregunta, oyó
173 2570 1206 2629 una voz que la decía;—lo sabrás. Asus¬
179 2630 1203 2683 tada la princesa miró en torno suyo: estaba
173 2677 1203 2739 sola; ¿quién, pues, la había hablado Re¬
182 2737 1218 2790 cordó al punto que una de sus madrinas
182 2791 1209 2847 era el hada Cordura, ¿Acudiría ella en
182 2844 1206 2903 su socorro? La haría, con su poder, adivi¬
182 2904 1209 2957 nar lo que encerraba el corazón de sus ama¬
179 2952 1209 3008 dores. Sí; seguramente lo haría. Y con¬
182 3006 1215 3065 fortada con esta esperanza la princesa se
182 3065 662 3118 recojió en su lecho.
232 3167 1224 3226 A la mañana siguiente, en avanzada ho¬
952 1196 1492 1246 SUSTROS
1218 1283 1552 1336 Para FEMINA.
925 1367 1486 1420 ¿De donde emanas suspiro,
892 1405 1439 1470 que as me robas la calma?
889 1453 1418 1509 Pretendes entre tus diros
886 1504 1504 1554 robarme también el alma.
946 1570 1447 1626 Yo presumo que eres flor
889 1620 1495 1673 de alma que sufre y que ama,
895 1662 1421 1721 y al levantar tierno quelo
892 1707 1394 1766 el pecho todo lo inflamas:
931 1779 1468 1832 semejante al que quitaran
895 1826 1331 1879 sin piedad el corazón.
898 1871 1465 1930 y en su arranque la ilusión
895 1919 1516 1969 en suspiro transformaran.
943 1982 1477 2041 Y pienso pues que eres flor
889 2035 1430 2085 de de triste enomorada.
901 2077 1436 2139 porque lo muestra el Pubo
895 2125 1391 2181 carminando aquella fa
895 2170 1376 2232 por suspiros torturada.
1024 2244 1549 2297 Enriqueta M. de Cruzada.
1200 2289 1397 2339 (Pioleta,
904 2361 1280 2429 Invierno de 1922.
203 614 2260 688 Había una vez—no importa donde ni ra, en el regio camarín andaban de punti¬
149 677 1928 742 cuando, porque hay seres que no necesitan llas las doncellas de servicio.
1274 716 2266 787 —Chist! chist! no hacer ruido la prince¬
1286 826 2263 897 Y aunque el caso era inusitado, ellas se¬
158 883 2280 960 cesa de tan peregrina hermosura, que era guían, tranquilamente con un dedo sobre
1218 940 2271 996 los labios:—chistl chist! no hacer ruido:
1659 993 2146 1052 la princesa duerme.
1671 2074 2283 2136 adoradores y penetrando
1683 2125 2283 2187 en sus corazones, hurgó
1683 2185 2209 2244 a sus anchas en ellos.
1731 2238 2280 2297 Horror el egoismo:
1677 2295 2277 2351 la ambición y la codicia,
1671 2346 2277 2405 habíanlos convertido en
1692 2397 2283 2459 nidos de viboras: en an¬
1683 2450 2283 2515 tros de tinieblas: en cria¬
1674 2507 2280 2569 deros de gusanos. Ama¬
1247 2558 2283 2623 ban, sí; pero, qué pequeñísima parte tenía
1247 2618 2289 2674 el amor en aquellos corazones! Era como
1253 2677 2289 2733 una gota de agua en el inmenso Océano;
1253 2734 2289 2784 como minúscula flor en el extenso erial;
1253 2782 2277 2841 como una estrella sola perdida en la incon¬
1253 2833 2286 2894 mensurable extensión de los cielos. Desi¬
1259 2889 2292 2948 lusionado el cefirillo blando sacudió sus
1256 2946 2292 3005 alas y tornó á volar.... Y volando llego á
1262 3000 2289 3059 la mansión del trovador que, en las noches,
1262 3050 2292 3109 desgranaba al pie de los balcones de pala¬
1262 3107 2292 3166 cio las perlas de sus cantos; y en su cora¬
1259 3161 2289 3220 zón penetró con toda la suavidad de sus
1722 1044 2266 1106 Invisible, el hada Cor¬
1659 1101 2269 1157 dura velaba al pié del
1674 1152 2260 1214 lecho. Con su varita má¬
1668 1208 2269 1273 gica tocó la frente de la
1668 1265 2266 1324 dormida, y al punto el
1674 1313 2266 1378 alma de la princesa, con¬
1668 1367 2260 1426 vertida en cefirillo blan¬
1668 1420 2269 1485 do revoloteó bajo los ni¬
1671 1480 2269 1533 veos cortinajes. El hada
1668 1528 2271 1593 la dió el mandato de vo¬
1674 1585 2266 1650 lar por la ciudad, y el
1680 1638 2274 1703 poder de penetrar en los
1671 1698 2277 1751 corazones y conocer sus
1674 1761 1880 1811 secretos.
1725 1803 2271 1867 ¿Qué mas querría el
1674 1856 2274 1921 alma conturbada por la
1677 1910 2277 1969 duda? Con sus alitas té¬
1680 1970 2277 2026 nues de cefirillo blando.
1674 2020 2277 2082 fuése á la morada de sus
