2479 3508
256 477 1218 533 Ví dos hermanas en intima dulzura per¬
200 534 788 587 derse por el Sendero.
259 587 1212 643 Abrí la puerta de mi estancia y sentí el
203 638 1227 688 bien de la naturaleza hacerse uniforme. Y
203 689 1215 742 mi alma se fue á los secretos de un instan¬
208 749 364 802 te.
262 796 1230 852 El sendero (perfumado á su paso me
203 844 1221 903 recordó que nada se pierde, y sobre la are¬
206 898 1227 954 na vacilante del Camino, seguí sus hue¬
203 961 400 1017 llas.
259 1005 1230 1067 A poco, mis pies descalzos sintieron el
208 1062 1227 1115 beso de una suavidad milagrosa, y mis ojos
208 1116 752 1175 encontraron perlas.
262 1170 1227 1223 Las fuí cojiendo una á una y con hilos
206 1217 1218 1276 de oro las uní en un solo haz, vagando so¬
208 1280 782 1333 bre aquellas huellas.
1310 262 2257 321 Oigo sollozar las olas de la orilla....
1256 316 2254 369 Qué es aquello que huve, allá, en el hori¬
1253 372 1412 422 zonte?
1313 417 2269 476 Escucha; quiero sentir la paz de una mi¬
1262 480 2274 530 rada infinita y dormir bajo dos pupilas
1265 528 2280 584 luminosas como las antorchas de un sueño
1262 581 2271 634 eterno perdido en la vaguedad del tiempo.
1259 629 2271 688 Detén tu pensamiento en mi vida, que es¬
1265 686 2274 739 toy abrazándote.... Mis brazos se encuen¬
1259 743 2269 796 tran con mis brazos... Dónde estás
1334 787 2271 849 Una rosa cae de la inmensidad be¬
1265 850 2119 900 sando su imagen en una fuente.
1462 996 2077 1055 Perdoname, Senor.
409 307 988 363 y dos Hermanas...
280 1423 1152 1479 Como es que á nadie olgo...
256 1591 1224 1647 Cómo és que a nadie oigo en las ondas
214 1650 779 1709 plácidas de mis sueños?
271 1704 1227 1757 Ese brillo extraño de tus pupilas,
208 1749 1227 1805 ese perfil de azucenas en el jardin, qué es
214 1806 764 1862 todo eso que se pierde?
268 1859 1233 1915 Abre las puertas de tu torre y mira el
208 1916 865 1969 sol; la tierra está coronada.
277 1958 1241 2026 Por qué tiembla la sonrisa en tus
211 2015 1233 2076 labios como las flores en las ramas? Lloras
211 2074 609 2127 en la oscuridad?
271 2125 1238 2181 No apagues todas las luces, ni fulgures
214 2182 1238 2238 así, que estoy muy cerca, y mi amor es una
1325 1164 2274 1217 Perdóname. Señor, que he estado desva¬
1274 1220 1776 1276 riando toda la noche.
1325 1271 2283 1324 El sueño se ahuventó de mis ojos para
1265 1325 2277 1378 siempre y la fiebre me tomó como á una
1268 1379 1561 1429 dulce presa.
1319 1426 2280 1485 A mis pies estaba aquella figura mons¬
1274 1480 2280 1539 truosa, y no cesaba de mirarme, aguzando
1271 1537 2286 1587 el oido. Un minuto encendió la chispa
1274 1585 2289 1644 del odio.... Quién era este fantasma que
1277 1638 2200 1694 me ha arrebatado un mal decir. Señor?
1325 1692 2283 1748 La figura monstruosa no cesaba de mi¬
1277 1752 1439 1802 rarme.
1319 1794 2277 1856 A su oscuro nacimiento, qué negro abis¬
1277 1853 2295 1909 mo floreció mortales flores, profanando el
1274 1907 2286 1963 recuerdo de la hora que abre el cáliz de la
1283 1964 2036 2017 noche libertando los olores?
1334 2020 2286 2070 Envíale lejos, á un mundo inestable, y
1291 2062 2286 2128 y cierra mis ojos con dulzura, que tengo
214 2355 552 2405 alitas ténues:
274 2480 1236 2530 Oh! encanto de la eucarística pureza! on!
226 2534 1241 2593 poder de la blancura que irradias en la
214 2588 1241 2644 nieve de las cimas inaccesibles, en donde
217 2644 1238 2703 jamás dejó su huella la planta humana,
217 2689 1238 2751 sintetizadas estabais en aquel corazón, que
220 2746 1238 2811 parecía formado de pétalos de rosas, perfu¬
220 2803 1238 2859 madas y blancas; y allí, como en su concha,
220 2856 1247 2912 la perla; como en el incensario, la mirra;
223 2910 1236 2963 como en el cáliz, la hostia, divinizada y
229 2961 1164 3020 única, estaba la imagen de la Princesa.
274 3092 1253 3151 Lo que pasó después no es cosa de todos
220 3143 1241 3205 los tiempos, ni de todos los lugares, y ne¬
1280 2331 2292 2396 cesita, para realizarse, la pureza de un am¬
1277 2391 2298 2447 biente social en donde el Amor cumpla sin
1286 2441 2286 2506 trabas su noble misión, aunando volunta¬
1283 2489 2295 2554 des; salvando barreras gerárquicas y des¬
1283 2552 1854 2605 haciendo, como simples
1883 2552 2289 2611 pompas de jabón.
1286 2606 1857 2662 los prejuicios humanos.
1331 2653 2301 2715 Las bodas del Trovador y la Princesa no
1289 2707 2289 2766 trastornaron las lleves sociales ni desquisia¬
1292 2752 2286 2820 ron los usos de la corte: no hubo griegos y
1292 2812 2292 2877 trovanos que se declarasen la guerra, ni¬
1295 2865 2286 2924 caveron sobre el reino las plagas del Egip¬
1289 2919 2286 2981 to; todo pasó lisa y llanamente como cua¬
1292 2970 2286 3035 dra al libre funcionar de las leves natura¬
1289 3024 2298 3086 les y pudo el Trovador, ungido caballero á
1298 3074 2286 3139 su enlace real, trocar la cítara por la espa¬
1298 3131 2269 3196 da y su humilde mansión por un palacio.
1973 163 2230 216 Femina
1889 2173 2242 2226 DELIA WEBER.
1325 2229 1851 2279 Santo Domingo, 1921.
