2479 3508
238 187 492 240 Fémina
1874 355 2179 408 M. L. Castellanos
355 372 528 425 Crónicas
1922 417 2161 479 Portorriqueñal
800 420 1668 473 la sus misara.
328 444 549 494 Femeninas.
241 1032 1218 1088 un hombre más humano, investigador en el al¬
200 1077 1224 1136 ma en el corazón y en el cuerpo del Rey de la
200 1119 1215 1178 Creación, nos habla del desenolimiento de la
200 1167 1221 1226 lila, no como la finalidad de vivir, sino como el
191 1208 1218 1267 amino y el andar hacia la interpretación de la
197 1250 1215 1312 belleza plastica, vencedora de la fuerza muscular¬
203 1295 1215 1357 y rapresentada en Adonis y Friné. Ese hombre.
197 1340 1224 1402 que a la vez que el desenvolvimiento de la vida
197 1382 1215 1447 clular en su microrganismo infinitesinal, escu¬
200 1429 1224 1488 ria lo más profundo del sentimiento buscando
203 1474 1212 1536 el átomo de luz, la molícula de la razón y la parti¬
197 1519 1230 1581 culade memoria en los cerebros, no ve tampoco en
200 1561 1215 1620 al desarrollo de las facultades aníicas las apti¬
206 1605 1227 1670 tudes solas de pensar sentir y querer sing algo
206 1650 1218 1715 más grande como son la memoria, la inteligel
206 1698 1221 1760 cia y la voluntad, puestas al servicio del bien y
203 1740 1230 1802 de la cultura, como una forma de belleza que va¬
206 1785 1230 1850 redimirnos de nuestra condición de enfermos
208 1829 1227 1891 y pocadores para hacernos más dignos del Dios
208 1877 1080 1930 que nos crón imagen y semeianza, Suya.
253 1916 1218 1981 se mismo hombre, como médico, viviendo en
206 1961 1224 2026 tre la lera de las enfermedades humanas y la¬
208 2009 1227 2068 peste de las bajas pasiones que nos acechan en
208 2050 1227 2115 todos los momentos de la vida como malhechores
208 2092 1224 2157 en los recodos de nuestro camino, vió en el cuer¬
208 2140 1221 2202 po humano grandes antitudes para interpretan¬
208 2179 1218 2250 la karmónica belleza que Hrges la diosa que pre¬
211 2229 1227 2291 sidia las termas griegas, llevaba en la euritmia de
208 2277 1134 2330 sus líneas y en la tersura de su piel sedosa.
259 2319 1224 2381 Este hombre, humano y espiritual, es hoy una
220 2367 1185 2429 gloria del mundo se llama sensillamente Cajal¬
268 2409 1236 2468 Y Caial, como nadie, comprendió el glorioso
211 2453 1233 2512 destino que pudiera darse á nuestro organismo
217 2492 1227 2563 y nuestro intelecto, conducióndole por los sende¬
214 2546 1227 2605 yos de la belleza para arribar al templo del Bien,
256 2585 1227 2650 Lo que hace al hombre merecer el título de
214 2630 1238 2688 Pay de la Creación y gradualmente según su¬
220 2677 1233 2736 cultura y su bondad superior al abimal, es su¬
220 2719 1238 2781 posición vertical y las tres facultades principales
214 2767 1238 2823 el alma humana, Porque, indudablemente, el
217 2809 1236 2874 animal aventaja en muchísimas cosas al hombre,
217 2847 1236 2915 posee armas ofensitas y defensias, desde que
217 2895 1218 2957 nace es capaz de valerse por sí mismo la natura,
232 2943 1224 3002 en le dota de vestido que no necesita adquirir y
214 2985 1236 3041 su vida, tan simplificada, no exige ninguna aten¬
223 3033 1122 3095 ción fuera de las de su defensa y sustento.
271 3074 1227 3136 En cambio, al hombre Dios le dió la inteligen
214 3116 1227 3181 cia por la que prepara el lugar donde ha de na¬
217 3170 1238 3229 cer el nuevo hombre que llega a la vida desnudo;
238 623 1221 688 Mucho se dijo de las cualidades intrinsecas de
188 668 1224 739 la mujer y mucho se ha dicho también de cuanto
194 716 1209 787 puede servir de adorno o complemento á su va¬
200 773 459 826 tor legitimo.
238 808 1221 870 Algunos incrédulos en materia de feminismo
191 850 1206 915 no de sufragismo entiendasel, creen que la mu¬
194 898 1215 966 jer no puede estar adornada de todas las gracias
191 940 1209 999 con que es posible engalanar la moral, el inteleca
194 993 507 1046 to y la belleza.
1268 707 2266 769 puede fabricar armas para su defensa y seguri¬
1259 752 2271 808 ad y sobre todo, la superioridad intelectual, le
1259 796 2277 855 lleva, no sólo alos refinamientos materiales, sino
1919 507 2042 557 E
1253 626 2263 676 su imaginación le hace concebir ideas por las q.
1262 668 2263 724 consigue notables mejoras en esa misma vida y
1262 844 2263 903 a los más altos y escogidos lugares espirituales.
1307 886 2274 942 Esta es la idea que el gran sabio Cajal dió a
1265 928 2266 987 la luz definiendo exactamente la diferencia que¬
1262 979 2098 1035 existe entre la inteligencia y el instinto.
1301 1017 2271 1076 Pensando, también en la más bella mitad del
1265 1071 2271 1121 género humano la veces nada tiene de bella y
1262 1107 2277 1163 somos, por desgracia, más de la mitadl dió el
1262 1152 2266 1211 nombre de Venas integra a la mujer que re¬
1268 1196 2274 1255 miera las tres expresiones de la grandeza, virtud
1259 1247 1659 1297 intelecto y belleza.
1304 1289 2269 1342 Bara es la vez en que las tres cualidades se ha¬
1259 1334 1854 1390 Lan reunidas en una mujer.
1307 1382 2274 1441 Personalmente he podido comprobar que mu¬
1268 1426 2277 1491 jeres hermosísimas poselan un exiguo caudal in¬
1268 1468 2277 1530 tellectual otras, también bellas, eran de senti¬
1262 1516 2277 1575 mientos vulgares y de actos indelicados, Más de
1274 1561 2280 1620 una vez, damas de gran cultura eran víctimas de
1274 1608 2277 1664 un carácter soberbio, de una falta de caridad
1268 1650 2277 1709 gradísima, de modales bruscos y carecian de
1268 1692 2283 1751 Sentimientos de amor y humanidad, Mil veces
1268 1737 2271 1793 contemple entre el elemento femenino, mucha¬
1277 1785 2277 1841 chas de grandes virtudes, de carácter angelical
1277 1826 2283 1882 pero tan desvanecidas en sus obras misticas á tan¬
1280 1871 2283 1927 poseidas de un espíritu ultraterreno que no se o¬
1274 1919 2200 1978 cuparon de cultivar su belleza ni suintelecto.
1316 1973 2289 2026 Es preciso, á toda costa, procurar reunir las
1280 2015 2289 2073 tres condiciones indispensables que se necesitan
1283 2062 2289 2124 para llegar á ser el prototivo de mujer ideal real¬
1280 2110 1907 2160 que ha creado el sabio artista.
1313 2152 2289 2214 Es fácil? Ya lo creo! Estando en posesión de
1274 2203 2286 2259 una buena dosis de cultura sólida, eso si no de
1286 2247 2289 2306 bedanteria de novela modernista y de películal.
1277 2289 2283 2348 mada más facil que llegar al perfeccionamiento
1283 2334 2283 2393 moral, pues las enseñanzas que a diario encierra¬
1280 2379 2280 2438 la vida siendo buen observador y las grandes co¬
1283 2430 2289 2480 sas que nos enseñan los libros, sabiendo leer
1283 2468 2274 2524 son una niversidad lo bastante docta para indi
1280 2510 2286 2566 carnos que el camino del bien es mejor y más fá¬
1280 2561 1910 2617 cil de recorrer que el del mal.
1319 2609 2292 2665 Ite los buenos sentimientos y la cultura son
1286 2653 2298 2715 un bantismo generoso atodo el ser encierran tal
1286 2698 2286 2760 dosis de sal ática y tal cantidad de ritmica gra¬
1286 2743 2283 2805 cia, que inunda á la persona de efluvios pode¬
1280 2785 2289 2847 yosos y de emanaciones tan sugestivas, que aca¬
1283 2833 2289 2892 ba por hacerla bella aunque no posea cualidados
1277 2886 1477 2936 estéticas.
1319 2928 2292 2990 Los buenos sentimientos dulcifican la voz, y si
1277 2976 2283 3032 esta se emplea para emitir conceptos intelectua¬
1283 3021 2295 3080 les y elevados algo más sale ganando la persona,
1292 3059 2295 3124 la mirada se hace apacible, i a tanto mirar la vida
1298 3107 2298 3166 por su lado bueno y por su lado bello, acaban
1295 3149 2283 3214 por convertirse en ojos lindos y sugestivos aque¬
