2479 3508
194 128 459 178 Femina
2030 110 2236 166 Página 6
406 432 2018 485 LOS ROEDORES DE LA GLORIA.
853 519 1573 572 POR JOSE INGENIEROS.
194 779 1188 837 Todo escritor mediocre es candidato á
143 835 1179 891 criticastro. La incapacidad de crear le em¬
155 886 1191 951 puja á destruir. Su falta de inspiración le
146 946 1179 1002 induce á rumiar el talento ajeno, empañan¬
143 1002 1185 1055 dolo con especiosidades que denuncian su
137 1062 695 1112 irreparable inutilidad.
191 1134 1182 1193 Los grandes ingenios son ecuánimes pa¬
146 1188 1182 1252 ra criticar á sus iguales, como si reconocie¬
137 1247 1188 1303 ran en ellos una consanguinidad en línea
143 1304 1191 1357 directa en el émulo no ven nunca un rival.
143 1355 1191 1414 Los grandes críticos son óptimos autores
146 1411 1188 1470 que escriben sobre temas propuestos por
143 1462 1182 1518 otros como los versificadores con pie for¬
149 1519 1188 1578 zado; la obra ajena es una ocasión para
152 1573 1194 1632 exhibir las ideas propias. El verdadero
149 1632 1188 1688 crítico enriquece las obras que estudia, y
146 1686 1185 1742 en todo lo que toca deja un rastro de su
158 1746 489 1799 personalidad.
188 1817 1197 1876 Los criticastros son, de instinto, enemigos
149 1877 1194 1927 de la obra: desean achicarla por la simple
149 1928 1098 1987 razón de que ellos no la han escrito.
152 1982 1191 2044 sabrían escribirla cuando el criticado les
152 2041 764 2097 contestara: Hazla mejor.
208 2122 1191 2175 Tienen las manos trabadas por la cinta¬
149 2173 1185 2232 métrica; su afán de medir á los demás res¬
164 2235 1194 2291 ponde al deseo de de rebajarlos hasta su
155 2292 519 2351 propia medida.
203 2367 1191 2423 Son, por definición, prestamistas, parási¬
158 2427 701 2480 tos viven de lo ajeno.
211 2504 1197 2560 Cuando un gran escritor es erudito se lo
155 2567 1194 2617 reprochan como una falta de originalidad,
158 2615 1200 2668 y si emplea una frase que usaron otros, le
152 2674 1197 2724 llaman plagiario, olvidando que nunca lo
149 2725 1203 2778 es quien señala las fuentes de su sabiduría.
1274 773 2277 829 El criticastro mediocre es incapaz de enhi¬
1233 832 2280 885 lar tres ideas fuera del hilo que la retina
1230 889 2280 942 de enhebra; su honda ignorancia le obliga
1230 940 2283 996 a confundir el mármol con la pizarra y la
1233 996 2277 1052 voz con el falsete, inclinándole á suponer
1241 1053 2277 1109 que todo escritor original es un heresiarca.
1233 1113 2286 1169 Los intélectos mediocres darían lo que no
1230 1167 2283 1223 tienen por saber escribir tanto como baste
1238 1223 2277 1285 para afiliarse á la crítica. Es el sueño de
1230 1277 2277 1336 los que no pueden crear, Permite una ma¬
1236 1340 2283 1390 ledicencia medrosa y que no comprometa,
1236 1388 2283 1447 hecha de mencidad prudente; restringiendo
1236 1447 2289 1500 las pervorsidades para que resulten más
1233 1498 2283 1554 agudas; sacando aquí una migaja y dando
1233 1555 2286 1608 allí un arañazo; velando todo lo que puede
1236 1605 2277 1664 ser objeto de admiración; rebajando siem¬
1244 1665 2286 1721 pre, con la oculta esperanza de que pueden
1230 1722 2286 1772 aparecer á un mismo nivel los críticos y los
1238 1773 2283 1826 criticados. El escritor original sabe que
1230 1829 2286 1885 atormenta á los mediocres, aguzándoles ese
1233 1877 2283 1939 instinto que los torna heliófibos ante el
1238 1940 2280 1990 brillo ajeno; esa desesperación de los fra¬
1241 1991 2286 2047 cisados es el laurel que mejer premia su¬
1236 2044 2292 2100 luminosa inquietud, A la gloria de un Ho¬
1238 2104 2289 2157 mero llega siempre aparejada la ridiculez
1241 2161 1555 2214 de un Zoílo.
1289 2241 2286 2294 En cada género de actividad intelectual
1238 2301 2292 2351 fermentan estos seculares verdugos de la
1247 2352 2289 2405 originalidad: no perdonan al que incuba¬
1241 2406 2286 2459 en su cerebro esa larva sediciosa. Viven¬
1247 2465 2286 2518 para mancillarlo, sueñan su exterminio,
1244 2516 2280 2569 conspirando con una intemperancia de te¬
1244 2570 2286 2626 rroristas, y esgrimiendo sórdidas armas
1253 2627 2289 2680 que harían sonrojar á un paquidermo. Ven
1247 2683 2289 2733 un peligro en cada astro y una amenaza en
1241 2737 2286 2787 cada gesto; tiemblan pensando que existen
1241 2794 2283 2844 hombres originales e indisciplinados, capa¬
1247 2847 2292 2900 ces de subvertir rutinas y prejuícios: de
155 2907 782 2957 llos que carecieron de gracia.
206 2949 1194 3005 Y a ese tener van adquiriendo todos los órga¬
152 2997 1185 3053 nos la gracia que Dios concede al que es bueno y
149 3045 468 3098 al que trabaja.
200 3083 498 3136 Gristo lo dijo,
226 3128 940 3190 Es grande quien es bueno.
217 3182 883 3235 Avúdate y te ayudaré
