2479 3508
283 525 1256 578 Gran cosa es el amor, y bien sobremane¬
220 575 1233 634 ra grande él sólo hace ligero todo lo pesa¬
229 635 1247 691 do, y lleva con igualdad todo lo desigual.
277 683 1241 742 Pues lleva la carga sin carga, y hace dul¬
226 734 1241 793 ce y sabroso todo lo amargo.—El amor no¬
235 787 1253 846 ble de lesus nos anima á hacer grandes co¬
229 838 1238 897 sas y mueve á desear siempre lo más per¬
229 895 1236 951 fecto.—El amor quiere estar en lo más al¬
238 952 1238 1002 to y no ser detenido de ninguna cosa baja.
229 1002 1241 1055 —El amor quiere ser libre, y ajeno de toda¬
235 1056 1241 1112 afición mundana; porque no se impida su¬
238 1110 1244 1163 wisita, ni Se embarace en ocupaciones de
244 1161 1247 1217 provecho temporal, o caiga por daño.—No
235 1220 1250 1270 hay cosa más dulce que el amor; nada más
235 1265 1238 1327 fuerte, nada más alto nada más ancho na¬
226 1322 1241 1375 da más alegre, nada más fuerte, ni mejor
232 1376 1244 1429 en el cielo ni en la tierra; porque el amor
241 1429 1244 1482 nació de Dios, y no puede aquietarse con
232 1483 1197 1536 todo lo creado, sino con el amor de Dios.
241 1531 1253 1593 El que ama, vuela, corre, y se alegra, es li¬
244 1591 1250 1644 bre y no embarazado.—Todo lo da por todo;
244 1638 1256 1697 y todo lo tiene en todo; porque descansa
232 1692 1250 1748 en un sumo Bien sobre todas las cosas, de
241 1743 1253 1802 la cual mana y procede todo bien.—No mi¬
241 1800 1250 1862 ra á los dones, sino que se vuelve al dador
235 1853 1256 1909 sobre todos los bienes.—El amor muchas
241 1901 1262 1957 veces no guarda modo mas se enardece so¬
1286 516 2289 578 bre todo modo.—El amor no siente la car¬
1286 573 2292 637 ga, ni hace caso de los trabajos desea más
1292 620 2295 688 ge lo que puede; no se queja que le man¬
1289 677 2301 736 den lo inposible; porque cree que todo lo
1304 731 2301 787 puede y le conviene.—Pues para todo es
1289 781 2292 840 bueno, y muchas cosas ejecuta y pone por
1289 832 2298 894 obra, en las cuales el que no ama, desfalle¬
1295 895 1504 948 ce y cae.
1343 970 2307 1026 El amor siempre vela y durmiendo no
1289 1023 2310 1079 duerme.—Fatigado no se cansa; angustiado
1292 1077 2307 1133 no se angustia; espantado no se espanta;
1295 1128 2310 1187 sino como viva llama y ardiente luz sube a
1298 1179 2295 1241 lo alto y se remonta con seguridad.—Si al¬
1298 1232 2301 1294 guno ama, conoce lo que dice esta voz:
1298 1283 2307 1339 — Grande clamor es en los dos de Dios el
1298 1340 2301 1399 abrasado afecto del alma que dice:—Dios
1301 1397 2307 1449 mío, amor mío, Tú todo mío, vo todo tuyo.
1301 1444 2307 1503 Dilátame en el amor, para que aprenda a
1301 1495 2301 1560 gustar con la boca interior cuán suave es
1295 1552 2307 1611 amar y derrtirse y nadar en el amor.—Sea¬
1304 1605 2310 1664 yo cantivo del amor, saliendo de mí por el
1304 1656 2310 1718 grande fervor y admiración.— Cante vo cán
1307 1713 2298 1766 ticos de amor, sígate amado mío, á lo alto.
1313 1764 2307 1823 y desfallezaca mi alma en tu alabanza ale¬
1313 1826 1842 1879 grándome por el amor.
1803 1901 2263 1951 TOMAS DE KEMPIS.
731 259 1800 318 ca
1765 329 2218 384 ecerecerecree
913 349 1627 399 EL AMOR DIVINO.
668 2307 1221 2357 Niña, se vé que eres buena:
585 2349 1113 2405 niño, se no que eres sang¬
594 2391 1125 2453 nila, se ná que eres limpi.
591 2444 1113 2494 como los chorros del ana.
632 2510 1113 2563 ¿A dónde ras tan ligera
597 2552 1065 2608 y sola, tan de mañana?
591 2597 1095 2656 Como ung ros de MA
594 2641 1116 2700 llenas de hes mos la caral
674 2713 1176 2766 Voy á la fébrica aquella
591 2764 1191 2817 que está al pie de la montaño,
591 2803 1098 2859 quella grande que tiene
597 2847 1071 2903 las chimencas tan altas.
1388 2301 1877 2354 Von ligera porque pronto
1328 2346 1880 2399 darán las tres campanados.
1334 2388 1883 2447 y quiero esta en mi puesto
1334 2432 1833 2494 para no erder mi plaza.
1379 2504 1955 2557 Mantengo q. tres hermanitos:
1334 2549 1979 2605 mi madre está enferma en cama.
1334 2594 1919 2647 mi madre, que era tan bueno,
1337 2641 1934 2691 hace un oño que nos falta.
1379 2710 1922 2760 Me levanto muy temprano,
1337 2755 1955 2808 aún mas temprano que el alba,
1340 2797 1862 2856 y y me delo o estas horas
1337 2844 1824 2894 realadita mi casa.
1024 2916 1558 2969 — Anda con Dios, hija mía,
967 2964 1483 3014 si hermosa tienes la car.
967 3006 1513 3059 mas hermosa, niña bueno,
970 3048 1427 3103 debes de tener el almal
1206 3137 1621 3187 VICENTE MEDINA.
2003 155 2260 211 Femina
865 2077 1698 2127 CANCIONES DE NINOS.
1322 2191 1558 2244 Buena.
997 2191 1286 2244 Sa liña
