2479 3508
176 146 450 199 Fémina
2027 134 2230 187 Página 8
253 2991 1068 3056 CPINIO D. ALVAREZ MAINARDI.
170 3080 1167 3133 forido y prestigioso cropista del ilustrado
277 3140 1074 3196 periódico El Diario de Santiago.
1403 2382 2164 2435 Son siete lirios blancos; siete rosas
1307 2432 2080 2482 abiertas de la noche en el misterio;
1313 2471 2057 2527 son siete notas vagas i armoniosas
1313 2519 2021 2572 escapadas de un mistico salterio.
1409 2591 2236 2644 Siete ninfas de un bosque de misterio
1307 2636 2063 2691 siete flautas sonoras iarmoniosas:
1313 2680 2110 2736 siete lágrimas puras, que un salterio
1316 2731 2027 2787 hace brotar del cáliz de las rosas.
1397 2800 2209 2859 Al comenzar la danza en las alfombras
1316 2844 2152 2903 de los húmedos prados, siete sombras
1316 2895 2295 2948 surgen de pronto en la extensión remota.
1397 2970 2128 3020 I bajo el palio de la noche oscura,
1301 3015 2042 3071 siete parpados loran en la altura¬
1313 3062 1997 3112 de las siete virtudes la derrota.
1579 280 1973 333 d Solas...!
1367 384 2224 443 Le hablé de aver y de su amor perdido.
1292 429 2006 488 y comprendiendo mi dolor tirano
1283 477 2054 530 me dió a besar el dorso de su mano
1277 528 2063 578 en el misterio del salón dormido.
1376 599 2018 652 Su jóven corazón enternecido,
1283 647 1991 697 erucificado por mi amor pagano,
1286 683 2003 745 ante el dulce silencio de su piano
1286 731 2042 793 ante mis regos se quedó rendido.
1373 805 2110 861 La besé con arrojo, y en su frente
1283 847 2077 906 deié la mancha de mi amor ferviente
1289 898 2146 954 que por Ella tan solo se hizo bueno.
1376 970 2155 1026 Las estrellas temblaron en la altura
1286 1017 2039 1079 y el lirio virginal de su hermosura
1289 1062 2152 1118 se desangrala en su turgente seno.
1618 1134 2233 1190 MARIO CAMINERO SANCREZ.
1489 1337 2098 1396 riunto leto.
1388 1447 2197 1506 Pasan siete fantasmas; siete esbeltos
1298 1495 2009 1554 mancebos orgullosos siete vagas
1304 1540 2107 1596 siluetas siete velos, en que envueltos
1310 1591 2077 1644 los resplandores yan de siete dagas.
1391 1659 2113 1718 Pasan siete relámpagos; en vagas
1304 1704 2054 1766 claridades de noche van envueltos
1200 1713 1274 1781 G
1307 1752 2068 1814 iy siete brillos surgen de las dagas
1304 1800 2083 1853 de los mancebos trágicos y es beltos
1397 1874 2092 1927 Movidos por fatídicas querellas,
1310 1919 2089 1972 siete brazos cercenan siete estrellas
1310 1967 2116 2023 de los vastos espacios siderales.
1406 2041 2182 2091 el crimen canta salmos á la gloria,
1307 2080 2080 2136 en tanto el cielo alumbra la victoria
1313 2131 1955 2184 de los siete pecados capitales.
1477 2271 2119 2327 eriota Slanca.
1648 3134 2257 3187 MARIBLANCA SABAS ALOMA
1316 3212 1719 3265 Santiago de Cuba.
