2479 3508
277 169 546 225 Fémina
2065 163 2257 216 Página 2
914 392 1645 449 RERCEUSE.
940 474 1618 527 DE ANDRES AVELINO.
247 2160 1226 2223 San Pedro de Macorís, R. D. 20 de Nobre. 192
256 2224 701 2274 Distinguida señorita:
292 2262 1271 2321 Nos place en sumo grado remitirle un folleto
244 2304 1259 2363 contentivo de los Estatutos de la Sociedad. A
253 2352 1259 2411 mantes del Arte cuya tendencia especialísima¬
253 2400 1262 2453 será la enseñanza y propagación de la Música,
253 2438 1083 2497 en esta provincia de San P de Macorís.
292 2483 1265 2539 De antemano conocemos que Ud, es una per¬
253 2528 1259 2584 sona que se interesa con verdadero amor por las
250 2573 1262 2629 bras que dignamente realzan y prestigian al
244 2615 1262 2674 mombre de la República; y como es katural, no
232 2653 1253 2712 hemos escatimado dicho conocimiento para ro¬
259 2701 1262 2763 garle nos ayude moralo como Ud, guste, a fo¬
253 2749 1262 2805 mentar esta Institución que a la vez que servirá
256 2794 1265 2850 de Centro Educativo, proporcionará oportunidad.
256 2836 1265 2894 para que uno de los goces del espíritu, sea una
256 2886 788 2936 amostración de cultura.
304 2925 1256 2981 En tal virtud, le agradeceremos no solo su coo¬
259 2967 1262 3032 peración, sino sus valiosos consejos, mientras
262 3012 1262 3074 nos suscribimos de Ud con todo el respeto de¬
1310 2053 2176 2109 Señores H. N. Read P. y P. M. Vargas S.
1310 2101 1471 2151 Ciudad.
1361 2140 2298 2193 Tenemos el gusto de acusarles recibo del sim¬
1316 2188 2316 2244 pático folleto contentivo de los Estatutos de la
1316 2232 2113 2285 sociedad musical Amantes del Arte.
1352 2277 2292 2330 Nos basta que dicha sociedad haya sido fun
1310 2322 2307 2372 dada con el objeto de llenar fines de civilización,
1322 2361 2307 2420 para que nos creamos obligados a prestar nues¬
1310 2409 2313 2462 tra humilde cooperación va sea por medio de
1313 2450 2307 2503 nuestra FEMINA, va en cualquier otra forma¬
1310 2495 2125 2551 en que ustedes la crean realmente útil.
1352 2540 2310 2593 Felicitamos efusivamente a Uds, y les desea¬
1310 2588 1964 2638 mos exito en su preciada labor
2215 1990 2291 2044 A
2083 2627 2271 2680 PA. G.
1573 2749 2039 2805 CHazada No 7
1462 2815 2060 2871 PRIMA pos, lo mas amado
1465 2871 2077 2924 que sobre la tierra existe:
1474 2922 2134 2975 y en la TRES GUARTA tu viste
1465 2979 2152 3029 la ropo que me ha inspirado.
1471 3030 1967 3083 Así queda terminado
1465 3083 2039 3136 el verso que me pediste.
683 570 1483 625 Niña, rompe la malla de tus pestañas:
686 617 1621 670 despliega el abanico de tus sabanas blancas,
686 656 1752 715 abre los ojos, despierta, mira la noche, qué blancal
698 734 1662 787 Recoje el cortinaje de lino de tu cuna de nácar,
692 779 1513 831 ve el bercense que las hadas te cantan,
692 820 1409 870 as que la luna, cariñosa madrasta.
698 865 1537 918 desciende de los cielos hasta tu morada.
695 937 1236 990 Levántate, niña, descalza,
689 979 1427 1029 abre la puerta, desuda, no temas.
686 1026 1582 1079 los duendes no rondan ya mas por tu casa;
695 1065 1241 1121 tan solo la brisa se quela,
689 1113 1495 1166 loran los razmines, gimen las viletas.
686 1155 1343 1208 asperandote aquí en la calzada.
686 1226 1236 1279 Levántate, niña, descalza,
692 1274 1531 1327 para que las rosas no sientan tus pasos;
692 1316 1209 1369 levántate, niña, desuda.
695 1358 1585 1420 para que el ensueño con la luz te confunda.
695 1429 1722 1485 Mas, no que estáse poniendo la luna muy pálida,
683 1471 1194 1524 se acercan los duendes
705 1519 1486 1571 y el aire se inmuta de vidas rafagas.
692 1591 1689 1644 Pliega, niña, el abanico de tus sábanas blancas,
701 1632 1818 1685 duerme, entre el cortinaje de lino de tu cuna de nacar.
692 1674 1176 1727 duerme niga, duerme
704 1722 1564 1775 y ove el bercense que las hadas te cantan¬
692 1767 1179 1817 querme, niña, duerme.
707 1806 1633 1867 para que puedas mañana decir que sonastes
692 1853 1540 1909 al poeta contándote un cuento de hadas.
507 2089 991 2142 ESTAFETA.
256 3065 367 3121 bido.
913 3107 1227 3157 H. N. READ P.
295 3149 662 3205 PM. VARGAS S.
1862 3134 2104 3187 MAGNOLIA.
