2479 3508
143 152 417 208 Femina
1934 137 2167 190 Página 10
325 316 1994 408 de at
149 611 1140 667 Misa de requiem Hoy es aniversario de la sentida
101 653 1137 712 muerte del muy apreciado caballero y laborioso
104 704 1137 754 es pañol Dr. Antonio Morev, Con tal motivo, en
110 743 1119 799 muestra Iglesia Parroquial fue aplicada una mi¬
110 796 770 849 sa por el descanso de su alma.
146 838 519 894 En paz descanse.
149 919 1140 978 Explendida velada El jueves 8 de los corrientes
110 970 1131 1023 tuvo efecto en la Capital una expléndida velada,
110 1014 1131 1067 organizada y dirigida por la Srta, Mercedes
110 1056 1030 1112 Amiama, Directora del Kindergarten No I.
149 1104 1131 1154 Como todas las que celebra la Srta. Amiama,
107 1143 1131 1199 el exito fue desbordante y el público, entusias
107 1191 1137 1246 malo, pide la repeticion de la velada que dejó en
116 1238 824 1291 su nimo tan gratas impresiones.
152 1316 1140 1372 la nueva Directiva— del simpatico Centro Club
113 1364 1140 1417 Unitario Puertorriqueño ha quedado constituida
110 1408 1134 1461 así Presidente, Jaime Mendez, Vice presidente,
110 1453 1131 1506 man Z. Guzman, Secretario, M. Lopez Aneiro.
119 1498 612 1548 esorero. Gavino Vega.
164 1537 1137 1593 ocales En ique Quiñones, Domingo Vega,
110 1585 1140 1644 Hernandez Cordero, Jorge Rodriguez, Meliton
113 1629 943 1688 Maral, José Figueros y Juan Fornier.
170 1674 1122 1724 cales Suplentes: Tomas Lopez, Alberto San¬
107 1716 1131 1772 chez. Antonio Mir, Ascilio Figueroa, Juan R. Co¬
128 1770 704 1820 O. J. Miró y Bartolo Buiz.
164 1806 1131 1862 Deseamos érito completo en su nueva Admi¬
116 1859 349 1912 nistración.
161 1937 1134 1993 Nuestra portada— Engalana la portada de la pre¬
113 1982 1137 2035 sente edición de Femina el retrato de la bella y
113 2023 1134 2076 distinguida señorita Gloria Ma. Fakas, capullo
116 2068 1125 2127 entil que perfuma y engalana los vergeles ma¬
116 2119 337 2172 corisanos.
158 2200 1143 2256 aliosa colaboracion — Con atenta cartita, en la que
113 2247 1137 2300 deja ver la refinada cultura de la dama escritora,
122 2289 1140 2342 mos envia para su publicación la Sra. Dr. Isa¬
119 2331 1134 2387 el A. da Pellerano el bellisimo cuento que pu¬
128 2379 1143 2432 blicamos para honra y orgullo de la presente
122 2427 301 2477 dición.
164 2492 1143 2551 Fallecimiento del Arzobispo Vasconcellos — El cable nos
125 2540 1143 2593 ralo la noticia de haber fallecido en Roma el da¬
122 2585 1137 2638 de ro, ultimo el Exemo, y Redmo Sebastin¬
128 2633 1140 2686 Lites de Vasconcellos, Azobispo de Damieta,
119 2671 1152 2727 quien nos visito en Agosto del año pasado como
119 2719 1134 2772 Delegado del Papa y presidió las fiestas de la Co¬
119 2767 907 2817 ronación de Ntra. Sra, de Altagracia.
182 2806 1137 2862 Que el señor haya acogido en su Gloria el al¬
122 2856 626 2909 ma del Ilmo fenecido.
170 2922 1134 2978 Nueva Agente. Ha sido nombrada agente de nues¬
128 2970 1149 3023 tra revista Fémina en la Capital la Srta. Luisa¬
122 3009 1041 3065 Puello, domiciliada en Arobispo Meriño
1068 3015 1143 3068 No
125 3059 1149 3112 A y cuyas disposiciones administrativas con
119 3104 1143 3157 su firma, tendrán en esa la misma validez que¬
125 3152 1065 3202 con la firma de esta Administración General.
1224 602 2110 658 Recuerdos Gralos. Desde la populosa ciudad.
1179 647 2209 703 New York. la Srta. Delia Dubot, buena amiga de
1182 695 2209 748 PEMINA nos envía su afectoso recuerdo. La
1179 734 2197 793 elegante esquela dice así Sobre un copo de es¬
1176 781 2191 840 ta fría nieva os envio un calido saludo de mis a
1179 829 2203 885 dientes votos de felicidad por el año nuevo, y
1179 874 2200 939 prosperidades mil para FEMINA Delia Duboca.
1224 925 2077 975 Damos las gracies a la recordadaamiga.
1224 987 2206 1043 En Cartera.—Para el próximo número tenemos en
1182 1038 2200 1088 cartera muy interesantes trabajos, entre ellos
1179 1080 2200 1130 de la culta e inteligente profesora Ercilia Pepín.
1182 1125 2042 1181 Directora de Esc. Superior de Santiago.
1224 1196 2209 1249 Album de la Coronación.— Va teniendo gran demanda
1182 1244 2194 1294 el importante Album de la Coronación de Ntra¬
1182 1274 2212 1336 Sra, de Altagracia, puesto a la venta en casa del
1188 1334 1931 1384 Sr. Antonio Zuleta, en esta ciudad.
1230 1376 2200 1429 Es la ocasion de preveerse de este precioso re¬
1179 1414 2200 1473 cuerdo del magno festival cristiano recien cele¬
1182 1468 1695 1518 brado en Sto. Domingo¬
1230 1534 2200 1590 Natalicio. El domingo proximo 18 del cte, cele¬
1182 1579 2200 1635 brará sus natales la Sra. M. L. de Canino. Re¬
1179 1626 2194 1679 dactora de Femina, y a quien le anticipamos de
1182 1674 1916 1727 searles todo genero de felicidades.
1233 1743 2206 1796 Velada Pro Vda. Machado— La Sra. Doña Celina de
1185 1791 2212 1844 Gonzalez está preparando una magnifica velada,
1185 1832 2206 1888 cuyo producido será destinado á la Vda, Dr. Ma¬
1188 1880 1513 1930 nuel Machado.
1227 1922 2206 1978 Dado el resultado de los ensavos, y el entusias¬
1182 1967 2212 2023 mo que existe entre los elementos que toma¬
1188 2015 2212 2065 rán parte en ella, no dudamos que se obtendrá
1182 2059 1522 2112 exito completo.
1233 2104 1594 2160 Asillo deseamos.
1230 2173 2209 2226 Gran Bale de Máscaras— El importante Centro Es¬
1188 2221 2203 2276 pañol se prepara para el 27 del mes encurso ce¬
1188 2265 2206 2315 debrar en sus salones un suntuoso baile de más
1194 2307 2203 2360 aras en el cual tomarán parte las demás socie
1191 2355 1331 2408 dades.
1233 2403 2218 2453 La Nueva Directiva de la prestigiosa sociedad
1185 2444 2206 2497 ha quedado constituida en la forma siguiente,
1241 2489 2221 2542 Presidente, don José Armenteros reelecto
1194 2531 2209 2584 Vice Presidente, Dr. Juan Gil de Rofigna: Se¬
1197 2579 2218 2632 cretario. Ulpiano Fernandez, Vice Secretario,
1191 2624 2218 2677 Emilio Gonzalez, vocales, Antonio Parra Alba¬
1197 2668 2215 2721 Rosendo Forteza, Carmelo Fernandez y Ceferino.
1188 2713 2137 2766 Fernandez, Aurelio Vera y Santiago Ramos.
1241 2758 2212 2811 Deseamos mucho exito á tan importante cen¬
1188 2803 1507 2856 tro recreativo,
1418 2880 1985 2933 Chico que dolor de muelas
1415 2922 1940 2978 Mas no lo puedo sufrir,
1421 2970 1827 3020 Sin vacilar yoy a in¬
1418 3015 2063 3068 Donde el Doctor Juan E. Dia.
1421 3059 2033 3112 Que sin sentir la extracción
1421 3104 1937 3157 En Sanchez 30 de darán
1421 3146 1695 3202 Explicación.
