2479 3508
203 131 459 189 FEMINA
2149 202 2286 266 E
152 220 641 284 E
495 386 623 442 N
743 405 877 456 O
1830 396 2110 496 en C.
331 453 1803 493 pesar de a de 2.
513 614 1913 681 ASERRADERO TALLER MECANICO DE CARRINTERIA
328 774 2209 822 Especialidades en Puertas de Panel, Puertas Persianas en maderas de Pino,
220 829 910 875 Pitch Pine, Cipres y Caoba.
334 939 2206 985 Muebles de lujo, en Maderas de Caoba y Forros de Cedro. Penemos varios
223 1002 1003 1042 estilos y a precios de situacion.
331 1092 2065 1153 Camas en maderas de Caoba, Capá y Ciprés, extremadamente baratas.
331 1202 1910 1260 FABRICANTES de Velas Esteáricas, Velas de Sebo y Jabón Corriente.
334 1312 2221 1354 NO COMPRE Ud, sus muebles sin antes visitarnos, ni haga sus pedidos sin antes
220 1363 1940 1402 consultar nuestros precios. Siempre existencia en Maderas de Caoba y Capa.
274 1677 2167 1741 Cane lo de Sepliembre,...... Esquia á Calle 14.
716 1779 800 1840 E
1215 1785 1591 1843 E
149 1805 603 1841 E
1764 1847 2274 1884 E
197 1851 283 1888 E
295 2000 2167 2061 COMANA DE MELES DOMINICANA, C. por A.
373 2152 2086 2210 importadores, Exportadores Consignatarios.
346 2355 2116 2422 GRAN ESTACION DE DE PETROLEO CRUDO PARA COMBUSTIBLE
815 2444 1650 2505 EN SAN PEDRO DE MACORIS
907 2567 1564 2628 COMPRADORES DE:
289 2716 2170 2780 MELAZA, MIEE DE CANA, MIEL DE ABEJAS,
1027 2853 1433 2914 AZUCAR.
286 2964 2176 3028 FACILIDAD Y PRONTITUD EN EL SUMINISTRO DE PETROLEO
531 3054 1925 3112 A VAPORES QUE USAN ESTE COMBUSTIBLE.
555 3171 1910 3211 DIRECCION TELEGRAFICA BARNETT, San Pedro de Macoris.
552 3222 1910 3259 AGENCIAS: en Santo Domingo, Azua, Puerto Plata, Monte Cristy.
161 3289 576 3350 N
