2479 3508
492 650 1012 706 LEVADURA
600 746 910 799 EN POLVO
510 946 925 999 A
1519 641 1937 694 Una preparación
1564 719 1901 769 perfecta para
1483 787 1988 840 mejorar todos los
1474 859 1982 915 alimentos hechos con
1474 934 1979 990 harina. De venta en
1480 1005 1931 1064 todas las bodegas.
647 1035 871 1085 La famosa
519 1086 985 1136 Royal Baking Pouder
644 1137 886 1187 americana.
892 387 1430 440 HERALDO DE LA MUJER
1050 3110 1433 3163 Ayuntamiento de Madrid
632 1310 1821 1366 Hace el Hornear en Casa raci¬
570 1370 1901 1432 Con el auxilio de la ROYAL BARING POUDER se pueden hacer en casa
576 1414 1895 1467 pones y pacimente muras hermanos panecios pasata, el apreciosos y
570 1447 1648 1500 anos de tores que los que pueden comprane en las parecer.
576 1492 1298 1545 Convencanse probando la receta siguiente.
716 1552 1737 1611 BICOCHOS ROTAL BARING PODER
701 1600 961 1650 anas de harina
1227 1603 1695 1653 encaradas de manera otra
698 1626 1098 1679 GRA RONAL
1259 1629 1349 1679 mas
737 1659 1062 1709 APINASE
1230 1656 1447 1709 la de leche
698 1692 1012 1742 Panarada de la
656 1731 1809 1787 Ciernanse juntos los ingredientes secos agreguesele la manteca y otra grasa
659 1764 1800 1814 y ener la este sumanes por agres una a a que meras en
656 1785 1809 1847 las cos mas cana aurorada de marnada, en a mora, en
656 1820 1659 1876 arcano pensana va por en estente de en es nos
632 1913 1830 1969 El Manual Roval del Panadero y pastelero, conte¬
629 1949 1824 2005 niendo muenas otras recenas de enviara por correo
635 1994 1830 2044 gratis a toda persona que nos mande su nombre y
626 2026 862 2082 rección.
561 2110 1898 2172 Si la bodega donde Ua, compra no vende la levadura en polvo Royal,
561 2143 1486 2205 escribanos y de airemos donde puede conseguiria.
725 2215 1737 2274 RONAL BARING PONDER CO, New York, USA.
528 2674 1814 2732 N
1865 2677 1937 2736 E
