2479 3508
1006 474 1480 530 HERALDO DE LA MUJER.
570 564 710 623 S.
1740 578 1857 637 Ha¬
782 602 1713 667 NUESTRO STATUS POLITICO
555 605 689 658 F
1743 614 1858 679 L
388 781 1227 846 Todo pueblo digno aspira á su independencia, eso es
328 817 501 870 maudable.
388 856 1224 918 Hay en Puerto Rico un partido independentista, cons-
328 889 1224 954 rido ener mayor parte porios estunantes de seamos
331 928 1221 990 superes la juventun por lo general no tiene la razón
325 967 1230 1029 aturada por la muerener sustenta cas siempre des¬
322 1002 1098 1064 ramente sin derecreer ensurar en el muina.
388 1038 1221 1103 fueron como mo uno de los nues de la punta¬
325 1077 1230 1139 cena, para el en ensa naturamente tenemos
322 1113 1227 1175 la muerenen en elenar pero nuestra capera mu¬
322 1152 1221 1214 es que los que contienes muere miro por entre estra
325 1188 1024 1249 Auerra aurosotra que la mercanas.
382 1223 1224 1288 vamos ver lo que na buque en puerto men este
322 1262 1021 1321 raramiento de las tras nemente.
385 1301 1221 1360 Primeramente las palabras de la que presea po¬
325 1334 1227 1399 rosas parte en derecho que tienen unos los pueblos de la
325 1373 832 1432 era las prenta terminaciona
391 1411 1221 1479 Vicas, el misterar nuestra suncion económica.
322 1453 1134 1509 que esta bocada ponersamente de esas ma.
382 1486 794 1545 buenaremos las espe¬
385 1525 1218 1584 indudablemente la guerra la presuerto el alga de los
325 1567 1071 1617 precios en los muretos de primera nuesiad¬
382 1597 1209 1655 pero la guerra ha terminado y el menos un han el p¬
328 1632 1215 1694 nero de peque las presiones que se maneparan por mar.
376 1668 1221 1730 actores que mar paratos puras las manos de empe¬
316 1707 1218 1769 la despara Europa, pero empena punto en las
316 1743 1221 1805 una canas mujeres que de manera santenara los me¬
316 1782 1224 1841 las de los arrentos mas necesarios para la vida, empe¬
325 1817 546 1873 lamenteras.
379 1856 1221 1915 Los Estados Unidos es un pueblo rico, y bien sabido es
316 1892 1227 1954 que mientras mas en es el pueblo, mas ento cuenta todo lo
328 1928 564 1984 que el pue¬
373 1967 1224 2029 Puerto Rico es un pueblo excesivamente pobre y tiene
310 2006 1224 2065 que pagar los los arrientos presivamente esos somos
316 2044 1218 2100 pures por rales de nuestas y purene era ser mu¬
310 2077 1221 2139 apara en manos estanteras la mayor parte las que en
319 2116 1224 2175 tras pienes esencias en la cada de encar vener el
319 2158 1209 2211 para sas amanetas, sin estar enenen estra amar del
319 2191 1218 2250 encion asias estantes eneramente muerene que pa¬
319 2232 1227 2285 gran en este muertorreno aque espiotan de en moso
313 2262 1218 2327 manado los mismo que es unacero que vue muren
313 2304 850 2357 tambre y en me er mi¬
373 2337 1212 2396 Es precios tener en cuenta que como la isla no pone
316 2376 1221 2435 los ensue tono de siene a importar el merciante
310 2412 1209 2474 necesionales de empen el persante puertorriqueno,
310 2441 1209 2503 ante la me por ese en queterna un relante es una ene
310 2471 982 2530 nos herendo por eso en man en ambine¬
370 2510 1215 2569 amanes a esto que nuestras quenas estan recaradas
310 2546 1218 2605 a nuestos arrer muere los mas, es quienes hay que
310 2585 1212 2641 pasante encarnes susiade como el puere muy nera de
319 2621 623 2674 verse asuncion¬
370 2656 1206 2721 El puertorriqueño ros el hueso, con los suelos exignos.
370 2692 1215 2754 Estados que pasanos como mionarios sienas es¬
307 2731 1209 2793 puesto en panes puras y para mostener es gobierno lu¬
310 2770 1209 2829 es enemos mujeres un sus cuanto namente y des¬
304 2803 832 2859 uno, como los partas de la in¬
370 2839 1209 2903 las pasolo engrante exaltado con precitas mal
304 2877 1212 2939 anas de espirabres que enen hace es gusto con¬
313 2913 1212 2978 de este en un en el purenes nerorqueno, que
310 2952 1215 3014 no tiene la cupa, y que se ve tamben por las mismas es¬
1050 3110 1442 3163 Ayuntamiento de Madrid
1304 719 2149 781 A los Sres, epresentantes Americanos:
1277 793 2188 858 sas, en el lecho de Procusto, y que bien podría de cile a
1286 832 2188 894 ente pueblo puesto que lo increos, lo que muererana del
1283 868 2191 930 e aninos enenos mernan cures los tan agan en unas
1283 910 1430 960 para in¬
1367 952 1979 1002 Acaso estoy vo en un lecho de rosas?
1337 987 2131 1049 otra casa hay que pertura mucho a nuestra las:
1346 1029 2185 1085 Estos los que tan terno las pronta de los Estados in¬
1283 1062 2185 1121 los han vinte que incistera de menin que las mercan¬
1283 1098 2188 1160 las en ameras pagaran sus derechos de aquena en las
1283 1137 2188 1199 colorias los mue mupiera pereccion espor en en
1283 1176 2182 1235 melaceres, las colores entan presamente que empre
1283 1211 2182 1270 la madre para el peso que querian imponente las es¬
1283 1253 2182 1309 poradores las merencias erraneras nos que mubiera po¬
1283 1286 2092 1348 un compra mas paratas buenas retamente.
1337 1322 2188 1384 una este mismo pas nos en pues los mien los pro¬
1280 1361 2182 1420 quctos erranterna venes de una por en empor de
1277 1397 2188 1458 Emana, lo que la empranamos a la merepor los costena
1283 1435 1468 1488 prepara.
1337 1471 2185 1530 Además, nosotros pocíamos hacer contatos recircos
1289 1507 2185 1569 a que las naciones de Europa, para conteguir buenos
1277 1546 2182 1605 merente para muesto de y aprener suelos suelos
1283 1582 2182 1647 necesarios para nuestra vue con un enos y como mas peso
1286 1623 1662 1676 quertos arenas embre.
1340 1656 2185 1715 POR ES PUERTO RICO ASPIRA A SE INDEREN.
1280 1695 1444 1748 DENCIA.
1340 1731 2116 1790 Quiere vivir con lo que tiene, sin contraer dendas.
1346 1770 2185 1829 ques que tos patros una estan sus
1286 1806 2179 1867 ponas las encinas muernatras ven en ellas que en
1286 1847 2182 1903 muar los empesos eretener es en en sus me en
1286 1883 2176 1942 amores acente y que ana empre se antene, me¬
1289 1922 1815 1975 ante erenen enen se se eni¬
1340 1952 2024 2014 arrera emprar ente la ventan mas parato
1334 1994 2170 2050 Faner tenerla entes de unas tratas de con¬
1283 2026 2173 2091 so con todos los pates del mundo y comprar arreramente
1280 2062 1636 2124 en mos los preas.
1337 2104 2179 2166 quiera benenciase de los derechos de aquena que
1286 2143 1848 2199 paguen todos los erestos importar.
1337 2176 2179 2238 despues de un delicado amen conta acentaron
1271 2209 2173 2276 el caborase con los Estados unos y declarar puertortan¬
1280 2253 1907 2315 o agan un a estos que es unin¬
1337 2289 2173 2351 muere eleer en esternos y lenas empende del
1280 2328 2176 2387 envo, por eleccior pupular y papara la meren, se
1277 2364 2182 2429 derreno de soberana, aceptanos el representante que ena
1280 2403 1424 2453 me.
1325 2438 2173 2503 Con estas condiciones, y otras que acordarán las Cema¬
1280 2477 2170 2539 ras, CARA PUERTO RICO UNA ANILA ANTO.
1280 2513 1418 2569 FOMA.
1340 2549 2176 2614 Y las tropas puertorriqueñas, mantenidas por el go¬
1271 2588 2173 2650 pero amenemos sentan propas resultantes del gran ejercio
1274 2627 2176 2686 de la Nación mas grande de la tierra, a las que cada puerte.
1265 2662 2054 2724 estan venertoriquena puras amor y alenidad.
1331 2701 2173 2763 raternos des amor de la atención de es¬
1274 2740 2173 2799 guiernos que puras ser estantemeninos un en ene
1274 2776 2179 2838 la Nacios americana nos una nuestra interesencia con
1274 2815 2167 2877 a presionado mentante que tener este la peamos.
1325 2850 2176 2915 creemos interpretar el pensar de la mayoria de las
1271 2892 1671 2945 Mujeres puertorriquenas.
1582 2964 2080 3023 Ana Roqué de apren.
