2479 3508
940 441 1427 491 HERALDO DE LA MUJER
370 587 1839 643 CREPRESENIANTES DE HERALDO DE LA MUJER
373 776 2092 834 En vista del favor que vienen dispensando a nuestra Revista Femenina, tanto las
280 835 2095 888 más distinguidas Señoras, como los Caballeros más cultos, hemos decidido nombrar una
283 880 2086 939 señora o señorita, entre las más prestigiosas de cada población de Puerto Rico, como Re¬
283 934 2086 993 presentante de HERALDO DE LA MUJERN, que es el PORTAESTANDARTE DE LA
292 993 821 1043 CULTURA FEMENINA.
376 1035 2080 1091 No exigimos a nuestra representante que sea precisamente una feminista convenci¬
280 1086 2086 1145 da basta que sea una mujer progresista y que se interese por la cultura de las puertorri¬
289 1152 447 1202 queñas.
376 1193 2089 1249 Este cargo es honorífico pudiendo dichas representantes nombrar agentes en cada
286 1244 2074 1303 población para la propaganda y cobro de suscripciones, cuya comisión abonaremos noso¬
292 1295 388 1348 tros.
376 1340 2086 1396 Esta Señora o Señorita, representará a HERALDO DE LA MUJER en toda fiesta
283 1394 2089 1447 o acto social y público de la localidad; y, si le es posible, nos enviará unas ligeras notas
286 1450 943 1503 de él, sin ser esto indispensable.
373 1495 2089 1551 Se le entregará una tarieta en donde conste la representación que obstenta, como
286 1549 2092 1608 porta estandarte de la cultura femenina; y su nombre, si no lo lleva a mal, figurará en
280 1603 1770 1655 el periódico, e iremos publicando los retratos de todas las representantes.
376 1647 2080 1706 Más tarde, cuando hayamos logrado formar la gran LIGA INTERNACIONAL LA-
313 1698 2086 1754 INOAMERICANA, integrada por las literatas y mujeres más prestigiosas de la Amé¬
280 1758 1044 1811 rica-Latina, será un miembro de ella.
370 1803 2086 1862 Estamos recibiendo cartas de aceptacion a nuestra patriótica idea, y quizás en el nú¬
286 1856 2101 1912 mero proximo, empezaremos a publicar los nombres de las prestigiosas señoras que va¬
280 1913 573 1969 han aceptado.
370 1955 2092 2014 Por una combinación que hemos hecho con Pictorial Revien de Nueva York, la subs¬
286 2015 1483 2068 crinción anual de ambos periódicos unidos, solo costará 85
376 2065 1857 2118 Dentro de pocos meses Heraldo de la Mujer, se publicará en San Juan.
1851 2200 1973 2253 ques¬
570 2241 1797 2297 EN LA FICINA POSTAL
277 2367 2098 2423 La siguiente información ha sido summistrada al Sr. Postmaster de Humacao, en su oficina postal de esta
597 2432 1788 2488 Ciudad, de acuerdo con el acta del Congreso de agosto 23 de 1912.
423 2516 1961 2575 HERALDO de la MUJER.......................................... Humaca, P. R.
412 2573 1955 2629 Publisher........................ Ana Roqué de Duprey...................... Humaca, P. R.
412 2624 1961 2680 Editor Españo!............. Ana Roqué de Duprey...................... Humaca, P. R.
412 2677 1958 2730 Editor inglés............... Geraldine Maud Froscher...................... Manatí, P. R.
412 2731 1961 2784 Managing Editor...... Ana Roqué de Duprey................... Humaca, P. R.
417 2779 1967 2838 Business Manager...... Ana Roque de Duprey....................... Humaca, P. R.
1424 2847 2089 2900 Fco. Gonzalez Fagundo,
1053 3095 1436 3145 Ayuntamiento de Madrid
1576 2910 1919 2963 Notario Público.
