<?xml version="1.0" encoding="UTF-8" standalone="yes"?>
<PcGts xmlns="http://schema.primaresearch.org/PAGE/gts/pagecontent/2013-07-15" xmlns:xsi="http://www.w3.org/2001/XMLSchema-instance" xsi:schemaLocation="http://schema.primaresearch.org/PAGE/gts/pagecontent/2013-07-15 http://schema.primaresearch.org/PAGE/gts/pagecontent/2013-07-15/pagecontent.xsd">
    <Metadata>
        <Creator>prov=READ-COOP:name=PyLaia@TranskribusPlatform:version=2.33.0:model_id=421621:lm=provided:date=30_10_2025_00:41</Creator>
        <Created>2025-10-25T14:29:52.585673</Created>
        <LastChange>2025-10-30T00:41:39.569+01:00</LastChange>
        <TranskribusMetadata docId="11368985" pageId="104387825" pageNr="8" tsid="259291084" status="IN_PROGRESS" userId="30120" imgUrl="https://files.transkribus.eu/Get?fileType=view&amp;id=BCYSXHMIZSPIAXHNROWEBPZX" xmlUrl="https://files.transkribus.eu/Get?id=MCTJBMUZEEEZAFRPKBRLXILQ" imageId="87597613"/>
    </Metadata>
    <Page imageFilename="0008_p008.jpg" imageWidth="2479" imageHeight="3508">
        <ReadingOrder>
            <OrderedGroup id="ro_1781166807892" caption="Regions reading order">
                <RegionRefIndexed index="0" regionRef="tr_1761395422"/>
                <RegionRefIndexed index="1" regionRef="tr_1761395418"/>
                <RegionRefIndexed index="2" regionRef="tr_1761395420"/>
                <RegionRefIndexed index="3" regionRef="tr_1761395413"/>
                <RegionRefIndexed index="4" regionRef="tr_1761395423"/>
                <RegionRefIndexed index="5" regionRef="tr_1761395414"/>
                <RegionRefIndexed index="6" regionRef="tr_1761395416"/>
                <RegionRefIndexed index="7" regionRef="tr_1761395417"/>
                <RegionRefIndexed index="8" regionRef="tr_1761395419"/>
                <RegionRefIndexed index="9" regionRef="tr_1761395421"/>
                <RegionRefIndexed index="10" regionRef="tr_1761395415"/>
            </OrderedGroup>
        </ReadingOrder>
        <TextRegion id="tr_1761395422" custom="readingOrder {index:0;}">
            <Coords points="385,418 2123,418 2123,492 385,492"/>
            <TextLine id="tr_1761395422_tl_1" custom="readingOrder {index:0;}">
                <Coords points="997,423 1471,417 1471,467 997,473"/>
                <Baseline points="997,468 1024,468 1068,468 1113,468 1158,465 1203,465 1247,465 1292,465 1337,465 1382,465 1427,465 1471,462"/>
                <TextEquiv>
                    <Unicode>HERALDO DE LA MUJER</Unicode>
                </TextEquiv>
            </TextLine>
            <TextEquiv>
                <Unicode></Unicode>
            </TextEquiv>
        </TextRegion>
        <TextRegion id="tr_1761395418" custom="readingOrder {index:1;}">
            <Coords points="233,499 1425,499 1425,636 233,636"/>
            <TextLine id="tr_1761395418_tl_1" custom="readingOrder {index:0;}">
                <Coords points="268,558 1182,558 1164,611 268,608"/>
                <Baseline points="268,603 313,603 358,603 403,603 447,603 492,606 537,606 582,606 626,603 671,603 716,603 761,603 806,603 850,603 895,603 940,603 985,600 1030,600 1074,600 1119,603 1164,606 1182,603"/>
                <TextEquiv>
                    <Unicode>EL EMPRESIIIO de la VICIURIA.</Unicode>
                </TextEquiv>
            </TextLine>
            <TextEquiv>
                <Unicode></Unicode>
            </TextEquiv>
        </TextRegion>
        <TextRegion id="tr_1761395420" custom="readingOrder {index:2;}">
            <Coords points="990,494 2138,494 2138,633 990,633"/>
            <TextLine id="tr_1761395420_tl_1" custom="readingOrder {index:0;}">
                <Coords points="1209,558 2107,552 2107,602 1209,608"/>
                <Baseline points="1209,603 1212,603 1256,603 1301,600 1346,600 1391,600 1436,600 1480,603 1525,603 1570,600 1615,600 1659,600 1704,600 1749,597 1794,597 1839,594 1883,594 1928,594 1973,594 2018,597 2063,597 2107,597"/>
                <TextEquiv>
                    <Unicode>La Sra. Joseta Aguavo de ventura.</Unicode>
                </TextEquiv>
            </TextLine>
            <TextEquiv>
                <Unicode></Unicode>
            </TextEquiv>
        </TextRegion>
        <TextRegion id="tr_1761395413" custom="readingOrder {index:3;}">
            <Coords points="222,573 1215,573 1215,2738 222,2738"/>
            <TextLine id="tr_1761395413_tl_1" custom="readingOrder {index:0;}">
                <Coords points="334,632 1173,635 1173,685 1140,688 334,682"/>
                <Baseline points="334,677 379,680 423,680 468,680 513,680 558,683 603,683 647,683 692,686 737,683 782,683 826,683 871,683 916,683 961,680 1006,683 1050,680 1095,680 1140,683 1173,680"/>
                <TextEquiv>
                    <Unicode>El mundo acaba de contemplar la terminación de la</Unicode>
                </TextEquiv>
            </TextLine>
            <TextLine id="tr_1761395413_tl_2" custom="readingOrder {index:1;}">
                <Coords points="274,674 1179,677 1179,727 274,724"/>
                <Baseline points="274,719 319,719 364,719 409,719 453,719 498,719 543,722 588,719 632,722 677,722 722,722 767,719 812,722 856,719 901,719 946,719 991,719 1035,719 1080,719 1125,719 1170,719 1179,722"/>
                <TextEquiv>
                    <Unicode>quera mas eruenta humana enciosa de la metuna de</Unicode>
                </TextEquiv>
            </TextLine>
            <TextLine id="tr_1761395413_tl_3" custom="readingOrder {index:2;}">
                <Coords points="274,710 1173,713 1173,763 274,760"/>
                <Baseline points="274,755 319,755 364,755 409,755 453,758 498,758 543,755 588,758 632,755 677,758 722,758 767,758 812,758 856,758 901,758 946,758 991,758 1035,758 1080,755 1125,758 1170,758 1173,758"/>
                <TextEquiv>
                    <Unicode>las en esencias no se ha esenta un solo habitante de la</Unicode>
                </TextEquiv>
            </TextLine>
            <TextLine id="tr_1761395413_tl_4" custom="readingOrder {index:3;}">
                <Coords points="274,746 1170,749 1170,799 274,796"/>
                <Baseline points="274,791 319,791 364,794 409,794 453,794 498,794 543,797 588,794 632,797 677,794 722,794 767,797 812,794 856,794 901,794 946,794 991,794 1035,794 1080,794 1125,794 1170,794"/>
                <TextEquiv>
                    <Unicode>para sonas ques que ha panas no se numano, por¬</Unicode>
                </TextEquiv>
            </TextLine>
            <TextLine id="tr_1761395413_tl_5" custom="readingOrder {index:4;}">
                <Coords points="277,787 1176,784 1176,834 1131,837 277,837"/>
                <Baseline points="277,832 280,829 325,829 370,829 414,829 459,832 504,832 549,832 594,832 638,832 683,832 728,832 773,832 818,832 862,832 907,832 952,832 997,829 1041,829 1086,832 1131,832 1176,829"/>
                <TextEquiv>
                    <Unicode>portas de esos que estuviera de la contenta la venta que</Unicode>
                </TextEquiv>
            </TextLine>
            <TextLine id="tr_1761395413_tl_6" custom="readingOrder {index:5;}">
                <Coords points="274,820 1170,823 1170,873 274,870"/>
                <Baseline points="274,865 319,868 364,865 409,868 453,868 498,868 543,868 588,868 632,868 677,868 722,868 767,868 812,868 856,868 901,868 946,868 991,868 1035,865 1080,865 1125,868 1170,868"/>
                <TextEquiv>
                    <Unicode>gente la enrieron arres en el maron casto de mas y</Unicode>
                </TextEquiv>
            </TextLine>
            <TextLine id="tr_1761395413_tl_7" custom="readingOrder {index:6;}">
                <Coords points="274,853 1173,859 1167,912 274,903"/>
                <Baseline points="274,898 316,904 361,904 406,904 450,904 495,907 540,907 585,907 629,907 674,907 719,907 764,907 809,907 853,907 898,907 943,907 988,904 1032,904 1077,904 1122,904 1167,907 1173,904"/>
                <TextEquiv>
                    <Unicode>menoreseampanadesparada mina a la mpues el gran</Unicode>
                </TextEquiv>
            </TextLine>
            <TextLine id="tr_1761395413_tl_8" custom="readingOrder {index:7;}">
                <Coords points="274,895 1176,898 1176,948 274,945"/>
                <Baseline points="274,940 319,943 364,940 409,940 453,943 498,943 543,943 588,943 632,943 677,943 722,943 767,943 812,943 856,943 901,940 946,940 991,940 1035,940 1080,940 1125,943 1170,943 1176,943"/>
                <TextEquiv>
                    <Unicode>numero repues de repes de agunane muere en na</Unicode>
                </TextEquiv>
            </TextLine>
            <TextLine id="tr_1761395413_tl_9" custom="readingOrder {index:8;}">
                <Coords points="274,934 1176,934 1176,984 274,984"/>
                <Baseline points="274,979 319,979 364,979 409,979 453,979 498,979 543,979 588,979 632,979 677,979 722,979 767,979 812,979 856,976 901,979 946,979 991,979 1035,976 1080,979 1125,979 1170,979 1176,979"/>
                <TextEquiv>
                    <Unicode>sino las de muy el mundo ante la purenes de prilena</Unicode>
                </TextEquiv>
            </TextLine>
            <TextLine id="tr_1761395413_tl_10" custom="readingOrder {index:9;}">
                <Coords points="274,973 1173,967 1173,1017 1128,1020 274,1023"/>
                <Baseline points="274,1018 277,1018 322,1015 367,1012 412,1015 456,1015 501,1018 546,1018 591,1018 635,1018 680,1015 725,1015 770,1015 815,1015 859,1015 904,1015 949,1018 994,1015 1038,1018 1083,1015 1128,1015 1173,1012"/>
                <TextEquiv>
                    <Unicode>plantes de en los camposas usana europeos reinara</Unicode>
                </TextEquiv>
            </TextLine>
            <TextLine id="tr_1761395413_tl_11" custom="readingOrder {index:10;}">
                <Coords points="277,1005 889,1008 889,1058 277,1055"/>
                <Baseline points="277,1050 322,1050 367,1050 412,1053 456,1053 501,1053 546,1053 591,1053 635,1053 680,1053 725,1053 770,1050 815,1050 859,1053 889,1053"/>
                <TextEquiv>
                    <Unicode>espreer se apara la empera;</Unicode>
                </TextEquiv>
            </TextLine>
            <TextLine id="tr_1761395413_tl_12" custom="readingOrder {index:11;}">
                <Coords points="334,1044 1164,1044 1164,1094 334,1094"/>
                <Baseline points="334,1089 379,1089 423,1089 468,1089 513,1092 558,1089 603,1092 647,1092 692,1089 737,1092 782,1092 826,1092 871,1092 916,1089 961,1089 1006,1089 1050,1089 1095,1089 1140,1089 1164,1089"/>
                <TextEquiv>
                    <Unicode>ba eran del estaban cometiendo las naciones pera.</Unicode>
                </TextEquiv>
            </TextLine>
            <TextLine id="tr_1761395413_tl_13" custom="readingOrder {index:12;}">
                <Coords points="271,1080 1170,1083 1170,1133 271,1130"/>
                <Baseline points="271,1125 316,1125 361,1128 406,1128 450,1128 495,1128 540,1125 585,1125 629,1128 674,1128 719,1128 764,1128 809,1128 853,1128 898,1128 943,1128 988,1128 1032,1128 1077,1125 1122,1128 1167,1128 1170,1128"/>
                <TextEquiv>
                    <Unicode>los abstenciones unas ante en la anuienda en espe¬</Unicode>
                </TextEquiv>
            </TextLine>
            <TextLine id="tr_1761395413_tl_14" custom="readingOrder {index:13;}">
                <Coords points="277,1116 1173,1119 1173,1169 277,1166"/>
                <Baseline points="277,1161 322,1164 367,1164 412,1164 456,1164 501,1167 546,1167 591,1167 635,1164 680,1164 725,1167 770,1167 815,1167 859,1164 904,1164 949,1164 994,1164 1038,1164 1083,1164 1128,1164 1173,1164"/>
                <TextEquiv>
                    <Unicode>En el mar amenarana entrar pero los Estados Unidos</Unicode>
                </TextEquiv>
            </TextLine>
            <TextLine id="tr_1761395413_tl_15" custom="readingOrder {index:14;}">
                <Coords points="280,1155 1167,1155 1167,1205 1131,1208 280,1205"/>
                <Baseline points="280,1200 325,1200 370,1203 414,1203 459,1203 504,1203 549,1203 594,1203 638,1203 683,1203 728,1203 773,1203 818,1203 862,1203 907,1203 952,1203 997,1200 1041,1200 1086,1200 1131,1203 1167,1200"/>
                <TextEquiv>
                    <Unicode>acorison sus unaciones eurosas y en pueron en el</Unicode>
                </TextEquiv>
            </TextLine>
            <TextLine id="tr_1761395413_tl_16" custom="readingOrder {index:15;}">
                <Coords points="274,1191 1173,1191 1173,1241 274,1241"/>
                <Baseline points="274,1236 319,1238 364,1238 409,1238 453,1238 498,1241 543,1241 588,1238 632,1241 677,1238 722,1238 767,1238 812,1238 856,1238 901,1238 946,1238 991,1238 1035,1238 1080,1238 1125,1238 1170,1236 1173,1236"/>
                <TextEquiv>
                    <Unicode>unos y con un entusiasus una eterninacionespera.</Unicode>
                </TextEquiv>
            </TextLine>
            <TextLine id="tr_1761395413_tl_17" custom="readingOrder {index:16;}">
                <Coords points="274,1229 1170,1232 1170,1282 274,1279"/>
                <Baseline points="274,1274 319,1274 364,1274 409,1274 453,1277 498,1277 543,1277 588,1277 632,1277 677,1277 722,1277 767,1277 812,1277 856,1274 901,1277 946,1274 991,1274 1035,1274 1080,1274 1125,1274 1170,1277"/>
                <TextEquiv>
                    <Unicode>los por las menes santinan de la ensar maner en espada</Unicode>
                </TextEquiv>
            </TextLine>
            <TextLine id="tr_1761395413_tl_18" custom="readingOrder {index:17;}">
                <Coords points="277,1265 1170,1268 1170,1318 277,1315"/>
                <Baseline points="277,1310 322,1310 367,1313 412,1313 456,1313 501,1313 546,1313 591,1316 635,1313 680,1313 725,1313 770,1313 815,1313 859,1313 904,1313 949,1313 994,1310 1038,1310 1083,1313 1128,1310 1170,1313"/>
                <TextEquiv>
                    <Unicode>espacio de la palabra via empera que al de ella</Unicode>
                </TextEquiv>
            </TextLine>
            <TextLine id="tr_1761395413_tl_19" custom="readingOrder {index:18;}">
                <Coords points="274,1304 1164,1301 1164,1351 1119,1354 274,1354"/>
                <Baseline points="274,1349 313,1346 358,1349 403,1349 447,1352 492,1349 537,1352 582,1352 626,1352 671,1352 716,1349 761,1352 806,1352 850,1349 895,1349 940,1349 985,1349 1030,1349 1074,1349 1119,1349 1164,1346"/>
                <TextEquiv>
                    <Unicode>ramarines establecida en unos los corazones mujer</Unicode>
                </TextEquiv>
            </TextLine>
            <TextLine id="tr_1761395413_tl_20" custom="readingOrder {index:19;}">
                <Coords points="277,1340 1167,1340 1167,1390 277,1390"/>
                <Baseline points="277,1385 322,1385 367,1388 412,1385 456,1385 501,1388 546,1388 591,1388 635,1388 680,1388 725,1388 770,1388 815,1388 859,1388 904,1388 949,1388 994,1385 1038,1388 1083,1385 1128,1385 1167,1385"/>
                <TextEquiv>
                    <Unicode>las mujer los que es mas emosinante mujer de genen¬</Unicode>
                </TextEquiv>
            </TextLine>
            <TextLine id="tr_1761395413_tl_21" custom="readingOrder {index:20;}">
                <Coords points="274,1373 1167,1376 1167,1426 1125,1429 274,1423"/>
                <Baseline points="274,1418 319,1424 364,1424 409,1424 453,1424 498,1424 543,1424 588,1424 632,1427 677,1427 722,1427 767,1424 812,1424 856,1424 901,1424 946,1424 991,1424 1035,1424 1080,1424 1125,1424 1167,1421"/>
                <TextEquiv>
                    <Unicode>es unas que el puesto en que esta nación pago ese serin¬</Unicode>
                </TextEquiv>
            </TextLine>
            <TextLine id="tr_1761395413_tl_22" custom="readingOrder {index:21;}">
                <Coords points="274,1417 922,1417 922,1467 274,1467"/>
                <Baseline points="274,1462 319,1462 364,1459 409,1462 453,1459 498,1462 543,1462 588,1462 632,1462 677,1459 722,1462 767,1462 812,1462 856,1462 901,1462 922,1462"/>
                <TextEquiv>
                    <Unicode>predentoren pensar de la unamina.</Unicode>
                </TextEquiv>
            </TextLine>
            <TextLine id="tr_1761395413_tl_23" custom="readingOrder {index:22;}">
                <Coords points="334,1453 1173,1453 1173,1503 334,1503"/>
                <Baseline points="334,1498 379,1498 423,1498 468,1498 513,1501 558,1498 603,1498 647,1498 692,1498 737,1495 782,1498 826,1498 871,1498 916,1498 961,1498 1006,1498 1050,1498 1095,1498 1140,1498 1173,1498"/>
                <TextEquiv>
                    <Unicode>Las naciones sino americanas deben ser las primeras</Unicode>
                </TextEquiv>
            </TextLine>
            <TextLine id="tr_1761395413_tl_24" custom="readingOrder {index:23;}">
                <Coords points="274,1489 1176,1489 1176,1539 274,1539"/>
                <Baseline points="274,1534 319,1534 364,1534 409,1537 453,1534 498,1537 543,1537 588,1537 632,1537 677,1534 722,1534 767,1534 812,1534 856,1534 901,1534 946,1534 991,1534 1035,1534 1080,1534 1125,1534 1170,1534 1176,1534"/>
                <TextEquiv>
                    <Unicode>enreconoceres acaen maneranas primer el</Unicode>
                </TextEquiv>
            </TextLine>
            <TextLine id="tr_1761395413_tl_25" custom="readingOrder {index:24;}">
                <Coords points="277,1528 1176,1525 1176,1575 1131,1578 277,1578"/>
                <Baseline points="277,1573 280,1573 325,1573 370,1573 414,1573 459,1573 504,1573 549,1573 594,1573 638,1573 683,1573 728,1573 773,1573 818,1573 862,1573 907,1573 952,1570 997,1570 1041,1570 1086,1570 1131,1573 1176,1570"/>
                <TextEquiv>
                    <Unicode>la rata de un esposo entenamiento nata unto era</Unicode>
                </TextEquiv>
            </TextLine>
            <TextLine id="tr_1761395413_tl_26" custom="readingOrder {index:25;}">
                <Coords points="274,1564 1173,1567 1173,1617 274,1614"/>
                <Baseline points="274,1609 319,1609 364,1609 409,1612 453,1612 498,1609 543,1609 588,1609 632,1612 677,1612 722,1609 767,1609 812,1609 856,1609 901,1609 946,1609 991,1609 1035,1609 1080,1609 1125,1609 1170,1612 1173,1612"/>
                <TextEquiv>
                    <Unicode>en el pasado se la nacios que erana genera de sus</Unicode>
                </TextEquiv>
            </TextLine>
            <TextLine id="tr_1761395413_tl_27" custom="readingOrder {index:26;}">
                <Coords points="277,1600 1167,1600 1167,1650 1128,1653 277,1650"/>
                <Baseline points="277,1645 322,1645 367,1648 412,1648 456,1648 501,1648 546,1645 591,1648 635,1648 680,1645 725,1648 770,1648 815,1648 859,1645 904,1648 949,1645 994,1645 1038,1645 1083,1645 1128,1648 1167,1645"/>
                <TextEquiv>
                    <Unicode>mos gasta ineralmente sus resuras perentes que¬</Unicode>
                </TextEquiv>
            </TextLine>
            <TextLine id="tr_1761395413_tl_28" custom="readingOrder {index:27;}">
                <Coords points="277,1638 1176,1638 1176,1688 277,1688"/>
                <Baseline points="277,1683 322,1683 367,1683 412,1683 456,1683 501,1683 546,1683 591,1683 635,1683 680,1680 725,1683 770,1683 815,1680 859,1683 904,1683 949,1683 994,1683 1038,1683 1083,1683 1128,1683 1173,1683 1176,1683"/>
                <TextEquiv>
                    <Unicode>los sin muran eguiara mujeres en enento entemente de</Unicode>
                </TextEquiv>
            </TextLine>
            <TextLine id="tr_1761395413_tl_29" custom="readingOrder {index:28;}">
                <Coords points="274,1674 1167,1674 1167,1724 1125,1727 274,1724"/>
                <Baseline points="274,1719 319,1722 364,1722 409,1722 453,1722 498,1722 543,1722 588,1722 632,1722 677,1719 722,1719 767,1719 812,1719 856,1719 901,1719 946,1719 991,1719 1035,1719 1080,1719 1125,1722 1167,1719"/>
                <TextEquiv>
                    <Unicode>apar y muerera de uno es una masan en que es</Unicode>
                </TextEquiv>
            </TextLine>
            <TextLine id="tr_1761395413_tl_30" custom="readingOrder {index:29;}">
                <Coords points="274,1713 1167,1713 1167,1763 274,1763"/>
                <Baseline points="274,1758 319,1758 364,1758 409,1758 453,1758 498,1758 543,1761 588,1758 632,1758 677,1758 722,1758 767,1758 812,1758 856,1758 901,1758 946,1758 991,1758 1035,1758 1080,1758 1125,1758 1167,1758"/>
                <TextEquiv>
                    <Unicode>ene enanar el para se en mines de habitantes, las</Unicode>
                </TextEquiv>
            </TextLine>
            <TextLine id="tr_1761395413_tl_31" custom="readingOrder {index:30;}">
                <Coords points="277,1749 1167,1752 1167,1802 277,1799"/>
                <Baseline points="277,1794 322,1797 367,1794 412,1797 456,1797 501,1797 546,1797 591,1797 635,1797 680,1797 725,1794 770,1797 815,1794 859,1794 904,1794 949,1794 994,1794 1038,1794 1083,1794 1128,1794 1167,1797"/>
                <TextEquiv>
                    <Unicode>mas proso de mundo que mumente era enupirador.</Unicode>
                </TextEquiv>
            </TextLine>
            <TextLine id="tr_1761395413_tl_32" custom="readingOrder {index:31;}">
                <Coords points="283,1791 1167,1788 1167,1838 283,1841"/>
                <Baseline points="283,1836 316,1833 361,1833 406,1833 450,1833 495,1833 540,1833 585,1833 629,1833 674,1833 719,1833 764,1833 809,1830 853,1833 898,1830 943,1833 988,1830 1032,1830 1077,1833 1122,1833 1167,1833"/>
                <TextEquiv>
                    <Unicode>pobre una nes de naciones para estar eneras y satan¬</Unicode>
                </TextEquiv>
            </TextLine>
            <TextLine id="tr_1761395413_tl_33" custom="readingOrder {index:32;}">
                <Coords points="280,1823 1164,1829 1164,1879 280,1873"/>
                <Baseline points="280,1868 325,1868 370,1868 414,1871 459,1868 504,1871 549,1871 594,1871 638,1871 683,1868 728,1868 773,1871 818,1868 862,1868 907,1868 952,1868 997,1868 1041,1868 1086,1868 1131,1868 1164,1874"/>
                <TextEquiv>
                    <Unicode>mar las interesencia de los renas porvenenos dos en,</Unicode>
                </TextEquiv>
            </TextLine>
            <TextLine id="tr_1761395413_tl_34" custom="readingOrder {index:33;}">
                <Coords points="280,1856 1176,1859 1176,1909 1131,1912 280,1906"/>
                <Baseline points="280,1901 325,1904 370,1907 414,1904 459,1904 504,1904 549,1907 594,1907 638,1904 683,1907 728,1904 773,1907 818,1904 862,1904 907,1904 952,1904 997,1907 1041,1904 1086,1907 1131,1907 1176,1904"/>
                <TextEquiv>
                    <Unicode>para ene miranes nos repernes arrien, en</Unicode>
                </TextEquiv>
            </TextLine>
            <TextLine id="tr_1761395413_tl_35" custom="readingOrder {index:34;}">
                <Coords points="274,1895 877,1898 877,1948 274,1945"/>
                <Baseline points="274,1940 319,1943 364,1943 409,1943 453,1943 498,1943 543,1943 588,1943 632,1943 677,1943 722,1943 767,1943 812,1943 856,1943 877,1943"/>
                <TextEquiv>
                    <Unicode>agra contrar en esposa impena.</Unicode>
                </TextEquiv>
            </TextLine>
            <TextLine id="tr_1761395413_tl_36" custom="readingOrder {index:35;}">
                <Coords points="334,1934 1167,1934 1167,1984 1140,1987 334,1984"/>
                <Baseline points="334,1979 379,1982 423,1982 468,1982 513,1982 558,1982 603,1982 647,1982 692,1982 737,1979 782,1982 826,1982 871,1982 916,1982 961,1979 1006,1979 1050,1982 1095,1982 1140,1982 1167,1979"/>
                <TextEquiv>
                    <Unicode>Los latino americanos debemos reconocer y esterior¬</Unicode>
                </TextEquiv>
            </TextLine>
            <TextLine id="tr_1761395413_tl_37" custom="readingOrder {index:36;}">
                <Coords points="274,1973 1161,1973 1161,2023 274,2023"/>
                <Baseline points="274,2018 319,2018 364,2018 409,2018 453,2018 498,2018 543,2018 588,2018 632,2018 677,2018 722,2018 767,2018 812,2018 856,2018 901,2018 946,2018 991,2018 1035,2018 1080,2018 1125,2018 1161,2018"/>
                <TextEquiv>
                    <Unicode>ar esos sentimientos que nos levaran una mejor inte.</Unicode>
                </TextEquiv>
            </TextLine>
            <TextLine id="tr_1761395413_tl_38" custom="readingOrder {index:37;}">
                <Coords points="283,2015 1173,2009 1173,2059 283,2065"/>
                <Baseline points="283,2060 322,2054 367,2054 412,2054 456,2054 501,2054 546,2054 591,2054 635,2054 680,2054 725,2057 770,2054 815,2054 859,2054 904,2054 949,2054 994,2054 1038,2054 1083,2054 1128,2054 1173,2054"/>
                <TextEquiv>
                    <Unicode>generas primeros sereamientos en este pares que nos</Unicode>
                </TextEquiv>
            </TextLine>
            <TextLine id="tr_1761395413_tl_39" custom="readingOrder {index:38;}">
                <Coords points="274,2044 1173,2044 1173,2094 1125,2097 274,2094"/>
                <Baseline points="274,2089 319,2089 364,2089 409,2089 453,2089 498,2089 543,2089 588,2092 632,2089 677,2089 722,2092 767,2089 812,2089 856,2089 901,2089 946,2089 991,2089 1035,2092 1080,2092 1125,2092 1170,2089 1173,2089"/>
                <TextEquiv>
                    <Unicode>entara amario de las nos mueras nuras</Unicode>
                </TextEquiv>
            </TextLine>
            <TextLine id="tr_1761395413_tl_40" custom="readingOrder {index:39;}">
                <Coords points="280,2086 1173,2086 1173,2136 280,2136"/>
                <Baseline points="280,2131 325,2128 370,2128 414,2128 459,2128 504,2128 549,2128 594,2128 638,2128 683,2128 728,2128 773,2128 818,2128 862,2128 907,2128 952,2128 997,2128 1041,2128 1086,2128 1131,2128 1173,2131"/>
                <TextEquiv>
                    <Unicode>que tenemos que mos aseparan nuestra muertas pues</Unicode>
                </TextEquiv>
            </TextLine>
            <TextLine id="tr_1761395413_tl_41" custom="readingOrder {index:40;}">
                <Coords points="274,2122 1167,2122 1167,2172 274,2172"/>
                <Baseline points="274,2167 319,2164 364,2164 409,2167 453,2164 498,2167 543,2164 588,2167 632,2167 677,2167 722,2167 767,2164 812,2167 856,2164 901,2164 946,2164 991,2164 1035,2167 1080,2167 1125,2167 1167,2167"/>
                <TextEquiv>
                    <Unicode>ementes y las independencia de muestras recibien¬</Unicode>
                </TextEquiv>
            </TextLine>
            <TextLine id="tr_1761395413_tl_42" custom="readingOrder {index:41;}">
                <Coords points="277,2158 1167,2155 1167,2205 1122,2208 277,2208"/>
                <Baseline points="277,2203 316,2203 361,2203 406,2203 450,2203 495,2203 540,2203 585,2203 629,2203 674,2203 719,2203 764,2203 809,2203 853,2203 898,2200 943,2200 988,2203 1032,2203 1077,2203 1122,2203 1167,2200"/>
                <TextEquiv>
                    <Unicode>en estos momentos de tos presenta a queruinas de pa¬</Unicode>
                </TextEquiv>
            </TextLine>
            <TextLine id="tr_1761395413_tl_43" custom="readingOrder {index:42;}">
                <Coords points="280,2191 1173,2194 1173,2244 280,2241"/>
                <Baseline points="280,2236 325,2239 370,2239 414,2239 459,2239 504,2239 549,2239 594,2239 638,2239 683,2239 728,2239 773,2242 818,2239 862,2239 907,2239 952,2239 997,2239 1041,2239 1086,2239 1131,2239 1173,2239"/>
                <TextEquiv>
                    <Unicode>mueres sermientos en este en empresion ella me¬</Unicode>
                </TextEquiv>
            </TextLine>
            <TextLine id="tr_1761395413_tl_44" custom="readingOrder {index:43;}">
                <Coords points="292,2229 1173,2229 1173,2279 1143,2282 292,2279"/>
                <Baseline points="292,2274 337,2274 382,2274 426,2274 471,2274 516,2274 561,2277 606,2277 650,2277 695,2277 740,2277 785,2277 829,2274 874,2274 919,2274 964,2277 1009,2277 1053,2277 1098,2277 1143,2277 1173,2274"/>
                <TextEquiv>
                    <Unicode>en de tener ese esto dentes de poen cualque¬</Unicode>
                </TextEquiv>
            </TextLine>
            <TextLine id="tr_1761395413_tl_45" custom="readingOrder {index:44;}">
                <Coords points="280,2265 1176,2268 1176,2318 280,2315"/>
                <Baseline points="280,2310 325,2313 370,2313 414,2313 459,2313 504,2313 549,2313 594,2313 638,2313 683,2313 728,2313 773,2313 818,2313 862,2313 907,2313 952,2313 997,2313 1041,2313 1086,2313 1131,2313 1176,2313"/>
                <TextEquiv>
                    <Unicode>nos tanto en quero que panamos es unos de es empresio</Unicode>
                </TextEquiv>
            </TextLine>
            <TextLine id="tr_1761395413_tl_46" custom="readingOrder {index:45;}">
                <Coords points="274,2304 1164,2307 1164,2357 274,2354"/>
                <Baseline points="274,2349 319,2349 364,2349 409,2349 453,2349 498,2352 543,2352 588,2349 632,2349 677,2349 722,2352 767,2349 812,2349 856,2352 901,2349 946,2349 991,2352 1035,2349 1080,2349 1125,2352 1164,2352"/>
                <TextEquiv>
                    <Unicode>que sera para pagar los manos pasios de la muera y</Unicode>
                </TextEquiv>
            </TextLine>
            <TextLine id="tr_1761395413_tl_47" custom="readingOrder {index:46;}">
                <Coords points="274,2343 1173,2343 1170,2396 274,2393"/>
                <Baseline points="274,2388 319,2388 364,2388 409,2385 453,2388 498,2388 543,2388 588,2388 632,2388 677,2388 722,2388 767,2388 812,2388 856,2388 901,2388 946,2388 991,2388 1035,2388 1080,2388 1125,2388 1170,2391 1173,2388"/>
                <TextEquiv>
                    <Unicode>emostremos es que menos compre mino y pero los</Unicode>
                </TextEquiv>
            </TextLine>
            <TextLine id="tr_1761395413_tl_48" custom="readingOrder {index:47;}">
                <Coords points="274,2379 1173,2385 1173,2435 274,2429"/>
                <Baseline points="274,2424 319,2424 364,2424 409,2424 453,2424 498,2424 543,2427 588,2424 632,2427 677,2427 722,2427 767,2427 812,2427 856,2427 901,2427 946,2427 991,2427 1035,2427 1080,2427 1125,2427 1170,2430 1173,2430"/>
                <TextEquiv>
                    <Unicode>mantes esmeros de este para para secreta la humanas</Unicode>
                </TextEquiv>
            </TextLine>
            <TextLine id="tr_1761395413_tl_49" custom="readingOrder {index:48;}">
                <Coords points="283,2421 806,2421 806,2471 283,2471"/>
                <Baseline points="283,2466 328,2463 373,2463 417,2466 462,2466 507,2466 552,2466 597,2466 641,2466 686,2463 731,2466 776,2463 806,2466"/>
                <TextEquiv>
                    <Unicode>una vias mejor tranque ibre.</Unicode>
                </TextEquiv>
            </TextLine>
            <TextLine id="tr_1761395413_tl_50" custom="readingOrder {index:49;}">
                <Coords points="740,2471 1128,2471 1128,2521 740,2521"/>
                <Baseline points="740,2516 785,2513 829,2510 874,2513 919,2510 964,2510 1009,2513 1053,2513 1098,2513 1128,2516"/>
                <TextEquiv>
                    <Unicode>Alfredo Gonrales.</Unicode>
                </TextEquiv>
            </TextLine>
            <TextLine id="tr_1761395413_tl_51" custom="readingOrder {index:50;}">
                <Coords points="337,2513 1167,2516 1167,2566 337,2563"/>
                <Baseline points="337,2558 382,2555 426,2558 471,2555 516,2558 561,2558 606,2558 650,2561 695,2561 740,2561 785,2558 829,2561 874,2561 919,2561 964,2561 1009,2561 1053,2561 1098,2561 1143,2561 1167,2561"/>
                <TextEquiv>
                    <Unicode>NOTA.—También las mujeres latino americanas debe¬</Unicode>
                </TextEquiv>
            </TextLine>
            <TextLine id="tr_1761395413_tl_52" custom="readingOrder {index:51;}">
                <Coords points="274,2552 1173,2552 1170,2605 274,2602"/>
                <Baseline points="274,2597 319,2597 364,2597 409,2597 453,2594 498,2597 543,2597 588,2597 632,2597 677,2597 722,2597 767,2597 812,2597 856,2597 901,2597 946,2597 991,2597 1035,2597 1080,2597 1125,2597 1170,2600 1173,2597"/>
                <TextEquiv>
                    <Unicode>nos mudar a la gran sus que nos el mundo el</Unicode>
                </TextEquiv>
            </TextLine>
            <TextLine id="tr_1761395413_tl_53" custom="readingOrder {index:52;}">
                <Coords points="277,2588 1170,2591 1170,2641 277,2638"/>
                <Baseline points="277,2633 322,2633 367,2633 412,2633 456,2633 501,2633 546,2633 591,2633 635,2633 680,2633 725,2633 770,2633 815,2633 859,2633 904,2636 949,2636 994,2636 1038,2636 1083,2636 1128,2636 1170,2636"/>
                <TextEquiv>
                    <Unicode>camino de nuestra reparados metar bramos a la</Unicode>
                </TextEquiv>
            </TextLine>
            <TextLine id="tr_1761395413_tl_54" custom="readingOrder {index:53;}">
                <Coords points="283,2624 1012,2630 1012,2680 283,2674"/>
                <Baseline points="283,2669 328,2672 373,2672 417,2672 462,2672 507,2672 552,2672 597,2672 641,2675 686,2672 731,2672 776,2672 821,2672 865,2672 910,2672 955,2672 1000,2675 1012,2675"/>
                <TextEquiv>
                    <Unicode>en esperan todas las intas de la mante amente.</Unicode>
                </TextEquiv>
            </TextLine>
            <TextLine id="tr_1761395413_tl_55" custom="readingOrder {index:54;}">
                <Coords points="824,2674 1125,2677 1125,2727 824,2724"/>
                <Baseline points="824,2719 868,2719 913,2719 958,2719 1003,2722 1047,2722 1092,2722 1125,2722"/>
                <TextEquiv>
                    <Unicode>La Redacción.</Unicode>
                </TextEquiv>
            </TextLine>
            <TextEquiv>
                <Unicode></Unicode>
            </TextEquiv>
        </TextRegion>
        <TextRegion id="tr_1761395423" custom="readingOrder {index:4;}">
            <Coords points="300,2686 1204,2686 1204,2735 300,2735"/>
            <TextEquiv>
                <Unicode></Unicode>
            </TextEquiv>
        </TextRegion>
        <TextRegion id="tr_1761395414" custom="readingOrder {index:5;}">
            <Coords points="1188,633 2169,633 2169,1763 1188,1763"/>
            <TextLine id="tr_1761395414_tl_1" custom="readingOrder {index:0;}">
                <Coords points="1277,638 2110,635 2110,685 2065,688 1277,688"/>
                <Baseline points="1277,683 1304,686 1349,683 1394,686 1439,686 1483,686 1528,683 1573,683 1618,686 1662,686 1707,683 1752,683 1797,683 1842,683 1886,683 1931,683 1976,680 2021,680 2065,683 2110,680"/>
                <TextEquiv>
                    <Unicode>Hoy se honra nuestra Portada, con el retrato</Unicode>
                </TextEquiv>
            </TextLine>
            <TextLine id="tr_1761395414_tl_2" custom="readingOrder {index:1;}">
                <Coords points="1212,686 2098,677 2098,727 2054,730 1212,736"/>
                <Baseline points="1212,731 1247,731 1292,731 1337,731 1382,731 1427,728 1471,731 1516,728 1561,728 1606,728 1650,728 1695,728 1740,728 1785,728 1830,728 1874,728 1919,728 1964,728 2009,725 2054,725 2098,722"/>
                <TextEquiv>
                    <Unicode>de la Sra. Aguavo de ventura, inspirada composi¬</Unicode>
                </TextEquiv>
            </TextLine>
            <TextLine id="tr_1761395414_tl_3" custom="readingOrder {index:2;}">
                <Coords points="1212,728 2110,725 2110,775 1212,778"/>
                <Baseline points="1212,773 1215,773 1259,776 1304,773 1349,776 1394,776 1439,776 1483,773 1528,773 1573,773 1618,773 1662,770 1707,770 1752,770 1797,770 1842,773 1886,770 1931,770 1976,770 2021,770 2065,770 2110,770"/>
                <TextEquiv>
                    <Unicode>tora puertorriquena, y excelente pianista que nos</Unicode>
                </TextEquiv>
            </TextLine>
            <TextLine id="tr_1761395414_tl_4" custom="readingOrder {index:3;}">
                <Coords points="1215,776 2104,767 2104,817 2060,820 1215,826"/>
                <Baseline points="1215,821 1253,818 1298,818 1343,818 1388,818 1433,818 1477,818 1522,815 1567,815 1612,818 1656,815 1701,815 1746,815 1791,815 1836,815 1880,815 1925,815 1970,815 2015,815 2060,815 2104,812"/>
                <TextEquiv>
                    <Unicode>ha poseguiado con varias preciosas pienas de su¬</Unicode>
                </TextEquiv>
            </TextLine>
            <TextLine id="tr_1761395414_tl_5" custom="readingOrder {index:4;}">
                <Coords points="1206,817 2101,811 2101,861 2057,864 1206,867"/>
                <Baseline points="1206,862 1250,862 1295,862 1340,862 1385,865 1430,862 1474,862 1519,862 1564,859 1609,859 1653,859 1698,859 1743,859 1788,859 1833,859 1877,859 1922,859 1967,859 2012,859 2057,859 2101,856"/>
                <TextEquiv>
                    <Unicode>repertorio, tituladas Bareorola Lencioje de Ru¬</Unicode>
                </TextEquiv>
            </TextLine>
            <TextLine id="tr_1761395414_tl_6" custom="readingOrder {index:5;}">
                <Coords points="1206,862 2104,859 2104,909 1206,912"/>
                <Baseline points="1206,907 1209,907 1253,907 1298,904 1343,907 1388,907 1433,907 1477,910 1522,907 1567,904 1612,904 1656,904 1701,904 1746,904 1791,904 1836,904 1880,901 1925,901 1970,904 2015,901 2060,904 2104,904"/>
                <TextEquiv>
                    <Unicode>en meveres, por la pas. Plario á la virnen.</Unicode>
                </TextEquiv>
            </TextLine>
            <TextLine id="tr_1761395414_tl_7" custom="readingOrder {index:6;}">
                <Coords points="1224,907 2095,901 2095,951 2051,954 1224,957"/>
                <Baseline points="1224,952 1244,952 1289,952 1334,952 1379,952 1424,952 1468,952 1513,952 1558,949 1603,949 1648,949 1692,949 1737,949 1782,946 1827,949 1871,949 1916,949 1961,949 2006,949 2051,949 2095,946"/>
                <TextEquiv>
                    <Unicode>Maca Sacral mumno a mi patria quetra y ma¬</Unicode>
                </TextEquiv>
            </TextLine>
            <TextLine id="tr_1761395414_tl_8" custom="readingOrder {index:7;}">
                <Coords points="1212,952 1994,952 1994,1002 1212,1002"/>
                <Baseline points="1212,997 1256,997 1301,997 1346,997 1391,997 1436,997 1480,997 1525,997 1570,994 1615,994 1659,997 1704,994 1749,994 1794,994 1839,991 1883,994 1928,994 1973,997 1994,997"/>
                <TextEquiv>
                    <Unicode>sica, Radiosa qularuta. Ladia, poca.</Unicode>
                </TextEquiv>
            </TextLine>
            <TextLine id="tr_1761395414_tl_9" custom="readingOrder {index:8;}">
                <Coords points="1286,993 2107,987 2107,1037 1286,1043"/>
                <Baseline points="1286,1038 1301,1038 1346,1038 1391,1038 1436,1038 1480,1038 1525,1038 1570,1038 1615,1035 1659,1038 1704,1035 1749,1038 1794,1035 1839,1035 1883,1035 1928,1035 1973,1035 2018,1032 2063,1035 2107,1032"/>
                <TextEquiv>
                    <Unicode>rodas estas bellas composiciones tienen una</Unicode>
                </TextEquiv>
            </TextLine>
            <TextLine id="tr_1761395414_tl_10" custom="readingOrder {index:9;}">
                <Coords points="1206,1038 2107,1035 2107,1085 1206,1088"/>
                <Baseline points="1206,1083 1212,1083 1256,1086 1301,1086 1346,1083 1391,1083 1436,1083 1480,1083 1525,1083 1570,1083 1615,1083 1659,1083 1704,1080 1749,1080 1794,1077 1839,1080 1883,1080 1928,1080 1973,1080 2018,1080 2063,1080 2107,1080"/>
                <TextEquiv>
                    <Unicode>dulcura y un encanto, que revelan á la primera</Unicode>
                </TextEquiv>
            </TextLine>
            <TextLine id="tr_1761395414_tl_11" custom="readingOrder {index:10;}">
                <Coords points="1206,1083 2101,1077 2101,1127 2057,1130 1206,1133"/>
                <Baseline points="1206,1128 1250,1128 1295,1131 1340,1128 1385,1128 1430,1125 1474,1128 1519,1128 1564,1128 1609,1128 1653,1128 1698,1128 1743,1128 1788,1125 1833,1125 1877,1125 1922,1125 1967,1125 2012,1125 2057,1125 2101,1122"/>
                <TextEquiv>
                    <Unicode>audición que ha sido el alma elevada de una mu¬</Unicode>
                </TextEquiv>
            </TextLine>
            <TextLine id="tr_1761395414_tl_12" custom="readingOrder {index:11;}">
                <Coords points="1218,1134 1662,1128 1662,1178 1218,1184"/>
                <Baseline points="1218,1179 1259,1176 1304,1173 1349,1173 1394,1173 1439,1170 1483,1173 1528,1170 1573,1170 1618,1170 1662,1173"/>
                <TextEquiv>
                    <Unicode>jer la que les dió forma.</Unicode>
                </TextEquiv>
            </TextLine>
            <TextLine id="tr_1761395414_tl_13" custom="readingOrder {index:12;}">
                <Coords points="1283,1164 2107,1158 2107,1208 2063,1211 1283,1214"/>
                <Baseline points="1283,1209 1301,1209 1346,1209 1391,1209 1436,1209 1480,1209 1525,1209 1570,1209 1615,1209 1659,1212 1704,1206 1749,1209 1794,1206 1839,1206 1883,1206 1928,1206 1973,1206 2018,1206 2063,1206 2107,1203"/>
                <TextEquiv>
                    <Unicode>cierto es que la Sra. Aguayo de ventura pro¬</Unicode>
                </TextEquiv>
            </TextLine>
            <TextLine id="tr_1761395414_tl_14" custom="readingOrder {index:13;}">
                <Coords points="1206,1205 2104,1202 2104,1252 2060,1255 1206,1255"/>
                <Baseline points="1206,1250 1209,1250 1253,1253 1298,1253 1343,1253 1388,1253 1433,1253 1477,1256 1522,1253 1567,1253 1612,1253 1656,1253 1701,1253 1746,1253 1791,1250 1836,1250 1880,1250 1925,1247 1970,1250 2015,1250 2060,1250 2104,1247"/>
                <TextEquiv>
                    <Unicode>cede de una familia de artistas, por eso la armo¬</Unicode>
                </TextEquiv>
            </TextLine>
            <TextLine id="tr_1761395414_tl_15" custom="readingOrder {index:14;}">
                <Coords points="1206,1253 2101,1250 2101,1300 1206,1303"/>
                <Baseline points="1206,1298 1250,1298 1295,1298 1340,1298 1385,1298 1430,1298 1474,1298 1519,1298 1564,1298 1609,1295 1653,1295 1698,1295 1743,1295 1788,1295 1833,1295 1877,1295 1922,1292 1967,1295 2012,1292 2057,1295 2101,1295"/>
                <TextEquiv>
                    <Unicode>niosa y arrobadora Enterne inspira sus bellaseres.</Unicode>
                </TextEquiv>
            </TextLine>
            <TextLine id="tr_1761395414_tl_16" custom="readingOrder {index:15;}">
                <Coords points="1209,1298 2101,1295 2101,1345 1209,1348"/>
                <Baseline points="1209,1343 1250,1343 1295,1343 1340,1343 1385,1343 1430,1343 1474,1343 1519,1343 1564,1343 1609,1340 1653,1340 1698,1340 1743,1340 1788,1340 1833,1340 1877,1340 1922,1340 1967,1337 2012,1337 2057,1340 2101,1340"/>
                <TextEquiv>
                    <Unicode>ciones que tienen la frescura del ambiente perfu¬</Unicode>
                </TextEquiv>
            </TextLine>
            <TextLine id="tr_1761395414_tl_17" custom="readingOrder {index:16;}">
                <Coords points="1206,1343 1692,1340 1692,1390 1206,1393"/>
                <Baseline points="1206,1388 1244,1388 1289,1388 1334,1388 1379,1385 1424,1385 1468,1388 1513,1385 1558,1388 1603,1385 1648,1385 1692,1385"/>
                <TextEquiv>
                    <Unicode>mado de esta tierra del sol.</Unicode>
                </TextEquiv>
            </TextLine>
            <TextLine id="tr_1761395414_tl_18" custom="readingOrder {index:17;}">
                <Coords points="1283,1385 2107,1382 2107,1432 2063,1435 1283,1435"/>
                <Baseline points="1283,1430 1301,1430 1346,1433 1391,1430 1436,1433 1480,1430 1525,1433 1570,1430 1615,1430 1659,1430 1704,1430 1749,1430 1794,1430 1839,1430 1883,1430 1928,1427 1973,1427 2018,1430 2063,1430 2107,1427"/>
                <TextEquiv>
                    <Unicode>Como toda mujer superior, a quien no asustan</Unicode>
                </TextEquiv>
            </TextLine>
            <TextLine id="tr_1761395414_tl_19" custom="readingOrder {index:18;}">
                <Coords points="1206,1429 2098,1429 2098,1479 1206,1479"/>
                <Baseline points="1206,1474 1250,1474 1295,1474 1340,1474 1385,1474 1430,1474 1474,1474 1519,1474 1564,1471 1609,1474 1653,1471 1698,1474 1743,1471 1788,1474 1833,1474 1877,1474 1922,1471 1967,1471 2012,1474 2057,1474 2098,1474"/>
                <TextEquiv>
                    <Unicode>los avances del progreso esta emula de Morart y</Unicode>
                </TextEquiv>
            </TextLine>
            <TextLine id="tr_1761395414_tl_20" custom="readingOrder {index:19;}">
                <Coords points="1215,1477 2110,1471 2110,1521 1215,1527"/>
                <Baseline points="1215,1522 1259,1519 1304,1519 1349,1519 1394,1519 1439,1519 1483,1519 1528,1519 1573,1519 1618,1516 1662,1516 1707,1516 1752,1519 1797,1519 1842,1519 1886,1516 1931,1516 1976,1516 2021,1516 2065,1516 2110,1516"/>
                <TextEquiv>
                    <Unicode>de Belini es una aguiente feminista, porque esta</Unicode>
                </TextEquiv>
            </TextLine>
            <TextLine id="tr_1761395414_tl_21" custom="readingOrder {index:20;}">
                <Coords points="1206,1519 2107,1516 2107,1566 1206,1569"/>
                <Baseline points="1206,1564 1212,1564 1256,1564 1301,1564 1346,1564 1391,1564 1436,1564 1480,1564 1525,1561 1570,1561 1615,1561 1659,1561 1704,1561 1749,1561 1794,1561 1839,1561 1883,1561 1928,1564 1973,1561 2018,1561 2063,1561 2107,1561"/>
                <TextEquiv>
                    <Unicode>convencida de que el concurso de la mujer es</Unicode>
                </TextEquiv>
            </TextLine>
            <TextLine id="tr_1761395414_tl_22" custom="readingOrder {index:21;}">
                <Coords points="1209,1564 1913,1561 1913,1611 1209,1614"/>
                <Baseline points="1209,1609 1241,1609 1286,1606 1331,1609 1376,1609 1421,1609 1465,1606 1510,1606 1555,1606 1600,1606 1645,1606 1689,1606 1734,1603 1779,1606 1824,1606 1868,1606 1913,1606"/>
                <TextEquiv>
                    <Unicode>necesario para el progreso de su patria.</Unicode>
                </TextEquiv>
            </TextLine>
            <TextLine id="tr_1761395414_tl_23" custom="readingOrder {index:22;}">
                <Coords points="1280,1608 2107,1605 2107,1655 1280,1658"/>
                <Baseline points="1280,1653 1301,1653 1346,1653 1391,1653 1436,1653 1480,1653 1525,1650 1570,1650 1615,1650 1659,1650 1704,1650 1749,1650 1794,1653 1839,1653 1883,1653 1928,1650 1973,1650 2018,1650 2063,1650 2107,1650"/>
                <TextEquiv>
                    <Unicode>Congratilamos a la Aruista, que así pone de</Unicode>
                </TextEquiv>
            </TextLine>
            <TextLine id="tr_1761395414_tl_24" custom="readingOrder {index:23;}">
                <Coords points="1209,1656 2107,1650 2107,1700 1209,1706"/>
                <Baseline points="1209,1701 1212,1698 1256,1698 1301,1698 1346,1698 1391,1695 1436,1695 1480,1695 1525,1695 1570,1695 1615,1695 1659,1695 1704,1695 1749,1698 1794,1698 1839,1698 1883,1695 1928,1698 1973,1698 2018,1695 2063,1695 2107,1695"/>
                <TextEquiv>
                    <Unicode>releve la cultura puertorriquena, dando un valioso</Unicode>
                </TextEquiv>
            </TextLine>
            <TextLine id="tr_1761395414_tl_25" custom="readingOrder {index:24;}">
                <Coords points="1206,1701 1737,1695 1737,1745 1206,1751"/>
                <Baseline points="1206,1746 1244,1746 1289,1743 1334,1743 1379,1743 1424,1743 1468,1743 1513,1743 1558,1743 1603,1740 1648,1740 1692,1740 1737,1740"/>
                <TextEquiv>
                    <Unicode>ejemplo á sus conciudadanas.</Unicode>
                </TextEquiv>
            </TextLine>
            <TextEquiv>
                <Unicode></Unicode>
            </TextEquiv>
        </TextRegion>
        <TextRegion id="tr_1761395416" custom="readingOrder {index:6;}">
            <Coords points="1197,1786 2121,1786 2121,1899 1197,1899"/>
            <TextLine id="tr_1761395416_tl_1" custom="readingOrder {index:0;}">
                <Coords points="1253,1800 1522,1826 2048,1806 2048,1856 1836,1870 1522,1876 1253,1850"/>
                <Baseline points="1253,1845 1298,1851 1343,1851 1388,1857 1433,1865 1477,1868 1522,1871 1567,1868 1612,1868 1656,1868 1701,1868 1746,1865 1791,1865 1836,1865 1880,1862 1925,1854 1970,1851 2015,1848 2048,1851"/>
                <TextEquiv>
                    <Unicode>E PENAMIENIO R.</Unicode>
                </TextEquiv>
            </TextLine>
            <TextEquiv>
                <Unicode></Unicode>
            </TextEquiv>
        </TextRegion>
        <TextRegion id="tr_1761395417" custom="readingOrder {index:7;}">
            <Coords points="1188,1884 2169,1884 2169,3006 1188,3006"/>
            <TextLine id="tr_1761395417_tl_1" custom="readingOrder {index:0;}">
                <Coords points="1277,1922 2107,1925 2107,1975 1277,1972"/>
                <Baseline points="1277,1967 1322,1973 1367,1970 1412,1970 1456,1973 1501,1970 1546,1970 1591,1970 1636,1970 1680,1967 1725,1970 1770,1970 1815,1970 1859,1970 1904,1970 1949,1970 1994,1970 2039,1970 2083,1970 2107,1970"/>
                <TextEquiv>
                    <Unicode>Cuando una reforma política o social ha de</Unicode>
                </TextEquiv>
            </TextLine>
            <TextLine id="tr_1761395417_tl_2" custom="readingOrder {index:1;}">
                <Coords points="1206,1970 2098,1964 2098,2014 2054,2017 1206,2020"/>
                <Baseline points="1206,2015 1247,2015 1292,2015 1337,2015 1382,2015 1427,2015 1471,2015 1516,2015 1561,2015 1606,2012 1650,2012 1695,2012 1740,2012 1785,2012 1830,2012 1874,2012 1919,2012 1964,2015 2009,2012 2054,2012 2098,2009"/>
                <TextEquiv>
                    <Unicode>levarse a cabo en el mundo, Dios en sus inexor¬</Unicode>
                </TextEquiv>
            </TextLine>
            <TextLine id="tr_1761395417_tl_3" custom="readingOrder {index:2;}">
                <Coords points="1206,2015 2104,2015 2101,2068 1206,2065"/>
                <Baseline points="1206,2060 1250,2060 1295,2060 1340,2060 1385,2060 1430,2060 1474,2060 1519,2060 1564,2060 1609,2057 1653,2057 1698,2057 1743,2060 1788,2057 1833,2057 1877,2057 1922,2057 1967,2060 2012,2060 2057,2060 2101,2063 2104,2060"/>
                <TextEquiv>
                    <Unicode>tables designios, parece que elige al reformedor.</Unicode>
                </TextEquiv>
            </TextLine>
            <TextLine id="tr_1761395417_tl_4" custom="readingOrder {index:3;}">
                <Coords points="1209,2062 2110,2056 2110,2106 2065,2109 1209,2112"/>
                <Baseline points="1209,2107 1215,2107 1259,2104 1304,2104 1349,2104 1394,2104 1439,2101 1483,2101 1528,2101 1573,2101 1618,2101 1662,2101 1707,2101 1752,2098 1797,2098 1842,2101 1886,2101 1931,2101 1976,2101 2021,2101 2065,2104 2110,2101"/>
                <TextEquiv>
                    <Unicode>y le infunde el valor y enerala necesarias una</Unicode>
                </TextEquiv>
            </TextLine>
            <TextLine id="tr_1761395417_tl_5" custom="readingOrder {index:4;}">
                <Coords points="1215,2101 2110,2101 2110,2151 2065,2154 1215,2151"/>
                <Baseline points="1215,2146 1259,2146 1304,2149 1349,2146 1394,2149 1439,2149 1483,2149 1528,2146 1573,2149 1618,2146 1662,2149 1707,2146 1752,2146 1797,2146 1842,2146 1886,2146 1931,2146 1976,2146 2021,2146 2065,2149 2110,2146"/>
                <TextEquiv>
                    <Unicode>levarla adelante venciendo olstáculos a veces</Unicode>
                </TextEquiv>
            </TextLine>
            <TextLine id="tr_1761395417_tl_6" custom="readingOrder {index:5;}">
                <Coords points="1206,2149 1444,2152 1444,2202 1206,2199"/>
                <Baseline points="1206,2194 1250,2194 1295,2191 1340,2191 1385,2194 1430,2194 1444,2197"/>
                <TextEquiv>
                    <Unicode>insuperables.</Unicode>
                </TextEquiv>
            </TextLine>
            <TextLine id="tr_1761395417_tl_7" custom="readingOrder {index:6;}">
                <Coords points="1283,2191 2107,2188 2107,2238 2063,2241 1283,2241"/>
                <Baseline points="1283,2236 1301,2239 1346,2239 1391,2236 1436,2236 1480,2236 1525,2236 1570,2236 1615,2236 1659,2233 1704,2233 1749,2233 1794,2236 1839,2233 1883,2236 1928,2236 1973,2236 2018,2236 2063,2236 2107,2233"/>
                <TextEquiv>
                    <Unicode>Los que pretenden llevar a cabo una empresa</Unicode>
                </TextEquiv>
            </TextLine>
            <TextLine id="tr_1761395417_tl_8" custom="readingOrder {index:7;}">
                <Coords points="1209,2238 2104,2232 2104,2282 2015,2288 1209,2288"/>
                <Baseline points="1209,2283 1253,2283 1298,2280 1343,2283 1388,2283 1433,2283 1477,2283 1522,2280 1567,2280 1612,2277 1656,2280 1701,2280 1746,2280 1791,2280 1836,2277 1880,2277 1925,2280 1970,2280 2015,2283 2060,2280 2104,2277"/>
                <TextEquiv>
                    <Unicode>trascendental, sin tener iluminado el espiritu¬</Unicode>
                </TextEquiv>
            </TextLine>
            <TextLine id="tr_1761395417_tl_9" custom="readingOrder {index:8;}">
                <Coords points="1209,2277 2110,2277 2104,2330 1209,2327"/>
                <Baseline points="1209,2322 1253,2325 1298,2325 1343,2325 1388,2325 1433,2325 1477,2325 1522,2325 1567,2325 1612,2325 1656,2325 1701,2325 1746,2325 1791,2325 1836,2325 1880,2322 1925,2325 1970,2325 2015,2325 2060,2325 2104,2325 2110,2322"/>
                <TextEquiv>
                    <Unicode>sentir fuero en el corazón, fracasan; no son los</Unicode>
                </TextEquiv>
            </TextLine>
            <TextLine id="tr_1761395417_tl_10" custom="readingOrder {index:9;}">
                <Coords points="1209,2325 1379,2325 1379,2375 1209,2375"/>
                <Baseline points="1209,2370 1253,2370 1298,2373 1343,2373 1379,2370"/>
                <TextEquiv>
                    <Unicode>cogidos.</Unicode>
                </TextEquiv>
            </TextLine>
            <TextLine id="tr_1761395417_tl_11" custom="readingOrder {index:10;}">
                <Coords points="1277,2406 2104,2409 2104,2459 1277,2456"/>
                <Baseline points="1277,2451 1322,2451 1367,2454 1412,2454 1456,2454 1501,2454 1546,2457 1591,2454 1636,2454 1680,2454 1725,2454 1770,2451 1815,2451 1859,2451 1904,2454 1949,2454 1994,2454 2039,2454 2083,2454 2104,2454"/>
                <TextEquiv>
                    <Unicode>Estudiando la Naturaleza se comprende a</Unicode>
                </TextEquiv>
            </TextLine>
            <TextLine id="tr_1761395417_tl_12" custom="readingOrder {index:11;}">
                <Coords points="1212,2450 1304,2453 1304,2503 1212,2500"/>
                <Baseline points="1212,2495 1256,2495 1301,2498 1304,2498"/>
                <TextEquiv>
                    <Unicode>Dios.</Unicode>
                </TextEquiv>
            </TextLine>
            <TextLine id="tr_1761395417_tl_13" custom="readingOrder {index:12;}">
                <Coords points="1283,2495 2104,2498 2104,2548 1283,2545"/>
                <Baseline points="1283,2540 1328,2543 1373,2540 1418,2540 1462,2540 1507,2540 1552,2543 1597,2543 1642,2540 1686,2537 1731,2540 1776,2540 1821,2540 1865,2540 1910,2540 1955,2540 2000,2540 2045,2543 2089,2543 2104,2543"/>
                <TextEquiv>
                    <Unicode>Buscando los trazos del humano saber en la</Unicode>
                </TextEquiv>
            </TextLine>
            <TextLine id="tr_1761395417_tl_14" custom="readingOrder {index:13;}">
                <Coords points="1212,2540 2104,2540 2104,2590 1212,2590"/>
                <Baseline points="1212,2585 1256,2585 1301,2585 1346,2585 1391,2585 1436,2585 1480,2585 1525,2585 1570,2585 1615,2585 1659,2582 1704,2582 1749,2585 1794,2585 1839,2585 1883,2585 1928,2585 1973,2585 2018,2585 2063,2585 2104,2585"/>
                <TextEquiv>
                    <Unicode>teratura de todos los siglos nos damos cuenta de</Unicode>
                </TextEquiv>
            </TextLine>
            <TextLine id="tr_1761395417_tl_15" custom="readingOrder {index:14;}">
                <Coords points="1212,2588 1943,2588 1943,2638 1212,2638"/>
                <Baseline points="1212,2633 1256,2633 1301,2633 1346,2630 1391,2630 1436,2630 1480,2633 1525,2633 1570,2630 1615,2630 1659,2630 1704,2630 1749,2630 1794,2630 1839,2630 1883,2630 1928,2633 1943,2633"/>
                <TextEquiv>
                    <Unicode>los progresos del hombre sobre la tierra.</Unicode>
                </TextEquiv>
            </TextLine>
            <TextLine id="tr_1761395417_tl_16" custom="readingOrder {index:15;}">
                <Coords points="1277,2677 2101,2674 2101,2724 1277,2727"/>
                <Baseline points="1277,2722 1295,2722 1340,2719 1385,2719 1430,2719 1474,2719 1519,2719 1564,2719 1609,2719 1653,2719 1698,2719 1743,2719 1788,2719 1833,2719 1877,2716 1922,2719 1967,2719 2012,2719 2057,2719 2101,2719"/>
                <TextEquiv>
                    <Unicode>¿Qué porvenir aguarda a nuestra Borinquen?</Unicode>
                </TextEquiv>
            </TextLine>
            <TextLine id="tr_1761395417_tl_17" custom="readingOrder {index:16;}">
                <Coords points="1283,2722 2095,2713 2095,2763 2051,2769 1283,2772"/>
                <Baseline points="1283,2767 1289,2767 1334,2764 1379,2761 1424,2761 1468,2764 1513,2761 1558,2764 1603,2761 1648,2761 1692,2764 1737,2764 1782,2761 1827,2764 1871,2764 1916,2764 1961,2764 2006,2764 2051,2764 2095,2758"/>
                <TextEquiv>
                    <Unicode>Ser faro de luz que ilumine el paso de dos</Unicode>
                </TextEquiv>
            </TextLine>
            <TextLine id="tr_1761395417_tl_18" custom="readingOrder {index:17;}">
                <Coords points="1212,2764 1964,2758 1964,2808 1212,2814"/>
                <Baseline points="1212,2809 1247,2812 1292,2809 1337,2809 1382,2809 1427,2809 1471,2809 1516,2809 1561,2806 1606,2809 1650,2809 1695,2809 1740,2806 1785,2809 1830,2806 1874,2806 1919,2806 1964,2803"/>
                <TextEquiv>
                    <Unicode>mares la conjunción de dos civilizaciones.</Unicode>
                </TextEquiv>
            </TextLine>
            <TextLine id="tr_1761395417_tl_19" custom="readingOrder {index:18;}">
                <Coords points="1283,2812 2116,2809 2116,2859 1283,2862"/>
                <Baseline points="1283,2857 1310,2857 1355,2854 1400,2851 1444,2854 1489,2854 1534,2851 1579,2854 1624,2854 1668,2851 1713,2854 1758,2854 1803,2854 1848,2854 1892,2854 1937,2854 1982,2854 2027,2857 2071,2854 2116,2854"/>
                <TextEquiv>
                    <Unicode>o ser tierra perdida en la obscuridad de su</Unicode>
                </TextEquiv>
            </TextLine>
            <TextLine id="tr_1761395417_tl_20" custom="readingOrder {index:19;}">
                <Coords points="1206,2850 1489,2853 1489,2903 1206,2900"/>
                <Baseline points="1206,2895 1250,2898 1295,2898 1340,2898 1385,2898 1430,2898 1474,2898 1489,2898"/>
                <TextEquiv>
                    <Unicode>insignificancia?</Unicode>
                </TextEquiv>
            </TextLine>
            <TextLine id="tr_1761395417_tl_21" custom="readingOrder {index:20;}">
                <Coords points="1277,2898 1862,2901 1862,2951 1277,2948"/>
                <Baseline points="1277,2943 1322,2943 1367,2943 1412,2943 1456,2943 1501,2943 1546,2943 1591,2943 1636,2943 1680,2943 1725,2943 1770,2946 1815,2946 1859,2946 1862,2946"/>
                <TextEquiv>
                    <Unicode>Sus hijos tienen la palabra....</Unicode>
                </TextEquiv>
            </TextLine>
            <TextEquiv>
                <Unicode></Unicode>
            </TextEquiv>
        </TextRegion>
        <TextRegion id="tr_1761395419" custom="readingOrder {index:8;}">
            <Coords points="254,2752 1219,2752 1219,2854 254,2854"/>
            <TextLine id="tr_1761395419_tl_1" custom="readingOrder {index:0;}">
                <Coords points="292,2776 1149,2779 1149,2829 292,2826"/>
                <Baseline points="292,2821 337,2827 382,2827 426,2827 471,2827 516,2827 561,2827 606,2827 650,2827 695,2830 728,2830 737,2830 746,2833 791,2827 835,2827 880,2827 925,2827 970,2827 1015,2827 1059,2824 1104,2824 1149,2824"/>
                <TextEquiv>
                    <Unicode>Heraldo de la Mujer y Pictorial Revien¬</Unicode>
                </TextEquiv>
            </TextLine>
            <TextEquiv>
                <Unicode></Unicode>
            </TextEquiv>
        </TextRegion>
        <TextRegion id="tr_1761395421" custom="readingOrder {index:9;}">
            <Coords points="260,2787 1208,2787 1208,3003 260,3003"/>
            <TextLine id="tr_1761395421_tl_1" custom="readingOrder {index:0;}">
                <Coords points="349,2839 1167,2839 1167,2889 1110,2894 349,2889"/>
                <Baseline points="349,2884 394,2884 438,2884 483,2887 528,2887 573,2887 618,2889 662,2887 707,2889 752,2887 797,2887 841,2887 886,2887 931,2887 976,2887 1021,2889 1065,2889 1110,2889 1155,2884 1167,2884"/>
                <TextEquiv>
                    <Unicode>Si se toma la suscripción de estos dos periódi¬</Unicode>
                </TextEquiv>
            </TextLine>
            <TextLine id="tr_1761395421_tl_2" custom="readingOrder {index:1;}">
                <Coords points="280,2877 1170,2880 1170,2930 1131,2933 280,2927"/>
                <Baseline points="280,2922 325,2925 370,2925 414,2922 459,2922 504,2925 549,2925 594,2925 638,2925 683,2925 728,2925 773,2925 818,2922 862,2928 907,2925 952,2925 997,2925 1041,2928 1086,2928 1131,2928 1170,2925"/>
                <TextEquiv>
                    <Unicode>cos Unidos, en esta Redacción costaran se 90</Unicode>
                </TextEquiv>
            </TextLine>
            <TextLine id="tr_1761395421_tl_3" custom="readingOrder {index:2;}">
                <Coords points="280,2916 886,2919 886,2969 280,2966"/>
                <Baseline points="280,2961 325,2964 370,2961 414,2964 459,2964 504,2964 549,2961 594,2964 638,2964 683,2964 728,2964 773,2964 818,2964 862,2964 886,2964"/>
                <TextEquiv>
                    <Unicode>al año ampos, pago adelantado.</Unicode>
                </TextEquiv>
            </TextLine>
            <TextEquiv>
                <Unicode></Unicode>
            </TextEquiv>
        </TextRegion>
        <TextRegion id="tr_1761395415" custom="readingOrder {index:10;}">
            <Coords points="1013,3091 1475,3091 1475,3166 1013,3166"/>
            <TextLine id="tr_1761395415_tl_1" custom="readingOrder {index:0;}">
                <Coords points="1050,3101 1439,3104 1439,3154 1050,3151"/>
                <Baseline points="1050,3146 1095,3146 1140,3146 1185,3149 1230,3149 1274,3146 1319,3146 1364,3146 1409,3146 1439,3149"/>
                <TextEquiv>
                    <Unicode>Ayuntamiento de Madrid</Unicode>
                </TextEquiv>
            </TextLine>
            <TextEquiv>
                <Unicode></Unicode>
            </TextEquiv>
        </TextRegion>
    </Page>
</PcGts>
