2479 3508
856 408 1358 464 HERALDO DE LA MUJER.
226 501 2017 552 Como como coopero como como como como como coopeas.
373 614 1883 667 HE VOMANS ELERALD
1241 671 1328 721 a
1382 671 1662 721 ros a
238 668 453 727 A
206 694 1892 745 mo cerrero correconocer esencurrero co corre en cuences
513 767 1725 820 EDITOR GERALDINE MADO FROSCHER
337 841 841 891 FOR COMEN —
1564 844 1892 897 Y WOMEN
907 844 1343 897 A MON COMEN
197 1635 731 1694 IN THE UNITED STATES.
1271 1641 2045 1694 INTERNACIONAL WOMAN SUFERACE
274 1749 1101 1808 A league of momen voters to speed the final
197 1791 1080 1850 enfraneligementor te momen or tue Unte sta
200 1838 1095 1891 tes ana to remove al legal discriminacions againste
197 1880 1086 1936 promen, es une big insue or tue gota. Angual Con¬
200 1925 1089 1981 vention or tle National american momen sura¬
200 1976 1092 2029 ge Aesociationo hela in se. Lonis at tle statier
197 2018 889 2068 Rotel Maren pata to gota inclusive.
268 2065 1089 2121 In 1850 Wvoming led al the orla in granting
191 2113 1083 2166 al sufrase to vonen. Tue convention compe¬
200 2158 982 2211 rorates le con aniversary or ine event.
268 2209 1098 2262 In 1860 the National Sufrage Association
191 2253 1101 2303 ana ros american sufraga Aaguiarian pere
194 2298 1095 2351 formen to be mergen in 18o into te Nacional
200 2340 946 2396 American Women Sufrage Aesociation.
265 2388 1095 2441 Por go vers te Agenciation has hela anual
197 2430 1089 2485 convencions, maging no pause in te educacional
206 2474 310 2527 mor.
277 2519 1092 2572 The 1919 convention reviews the long years.
191 2561 1086 2617 or struggle ana commemorates te man vieto¬
200 2606 373 2662 ries por¬
268 2653 1089 2709 As te most fitting memorial to the hal cen¬
194 2695 1089 2751 tury or campalues hea National american Sura.
197 2746 1098 2796 ge Asociationa invites ne momen voters or un
191 2788 1089 2841 puntre to sena dellegates to a moman oters
197 2830 1080 2886 Conference qutor plien, emerges, a nen Natio¬
197 2877 564 2930 nal Voters League.
1233 1749 2048 1802 On Feb. 13 th. the International Woman
1161 1794 2045 1844 Conference hela in Berne. Suitaertano adonte.
1158 1832 2051 1891 resolucions demanuing te enual political rines
1155 1877 1656 1936 or une vomen or al naciones.
1230 1925 2045 1978 Turee delegates are to be sente te later parte
1161 1970 2045 2023 or Maren to te pence conferente to sabia e
1161 2015 2045 2068 viens or una conferenes to president ilson pre¬
1155 2056 1764 2112 mier cienencean Baron Sonmino.
1227 2107 2045 2160 on the same dav. te inter alien sufrage
1155 2149 2048 2205 Congres mesting in paris adonte a resolutión
1164 2194 2048 2250 proposea bo Mrs. Julier parrer Roblee or ine
1161 2238 2039 2291 Unten Srates ano seconden bo los q. S. Pap¬
1161 2283 2051 2336 cente or Englana declaring inan le coming pace
1161 2328 2048 2381 honda be people pence plien de camor de la
1161 2373 1618 2426 ponen arre por consuitea.
1233 2421 2051 2471 A delegation called on members or the Peace
1158 2459 2054 2518 Conference uno promise ener supportin securina
1152 2507 2042 2560 te adontion or ue recomendation hat ine Lea¬
1155 2555 2060 2608 gue or Nations consider tue internacional status or
1158 2597 1573 2650 Sr momen ana chiaren.
1230 2638 2057 2694 Bo chis il goul seem hat woman sufrageis
1155 2686 2048 2742 passin te enen or a nacionalissue ana becoming
1152 2728 1564 2787 an internacional issue.
1188 2821 2060 2874 ¿Quiere Ua, subscribirse a leraldo de la
1155 2880 1836 2933 Mujer Si no quiere evuelvalo.
615 1537 1621 1593 The I. F. C. A. gires practical lessons in Americanization to forcien Romen.
1050 3098 1442 3151 Ayuntamiento de Madrid
