2479 3508
904 429 1376 482 HERALDO DE LA MUJER
1018 546 1092 602 2
238 552 322 605 S
1310 596 1898 649 La ama ris
376 605 970 655 he rau Ladu¬
1949 638 2021 691 D
1000 644 1086 700 S
286 713 1107 769 A ha came to a pause. Langdon moved abs¬
214 761 1116 814 trusivel, to tue electrie lient suiten ana stosa
223 805 1107 861 guara overio dese ne roompe piensea in dartes.
220 850 1113 900 Conte pespara multerea sometine inconeren¬
226 898 1101 948 nat lapsea into á groan. Mme rose somil.
217 937 1098 993 hangntiva to her reer ana facen hor accuser, an¬
229 982 1107 1040 gril levelen a tiny automatio, muien se ha¬
223 1023 1110 1076 ran hastil fron tue foles or ner dres, mue¬
223 1071 1104 1124 parrel oro forto for calibre automatie mer tue
220 1116 1113 1172 maller one in mi air. Wita a eras. Mme hun¬
223 1161 677 1211 ner peapon on tue table.
298 1202 1110 1252 AS Von choose Monsieuro che sad in her¬
226 1241 1101 1297 cola volce, Bal remember, ama ciuiainor pran¬
220 1286 1107 1342 de so algo are una Count ana Countes de has.
229 1337 1113 1390 mont ana Conne Despara. Yon vil oy brina
220 1379 1110 1429 disgrace on que or por ales, ana yon can de
226 1420 901 1476 noting min us in ine unte states.
304 1465 1110 1518 rue cuier smile quite truel France vil¬
220 1510 1110 1563 save us che digiculey ora frinesquad Yon vibe¬
232 1555 1113 1605 deportea, Bue France mil vecome ine disgrace
220 1600 1107 1650 a von cal iras far de von are concernea mue¬
226 1644 1113 1694 autorities have mor ver foreotten tue murder o
223 1683 1113 1736 Captain aviera a soleror prance, or vonr sup¬
223 1728 1110 1781 equente intrigues in Sosin pien envolvea prance
220 1773 1107 1829 in dificulties ereating a pro Gernan sentimen¬
220 1817 1107 1870 among te Sanial Bepole. As for prieda von¬
229 1862 1107 1918 Buelos tue name is encuento satisto most anvo¬
226 1904 1110 1960 de Cont de Rausmont ana cont pespara, l an
226 1949 859 2005 casillo se have been vonr vietime
301 1997 1113 2050 Enough, Herr oricer y erien Frieda von
226 2041 1113 2091 Buelos, tafeto. procesa mita vonr business pe¬
223 2086 788 2139 care nor por vonr petuy detas.
298 2128 1116 2184 re chier un celen che door andadmiten for¬
226 2170 1113 2226 depties rue momen vere aloven ten mintes
226 2218 1104 2271 ana ne privacror Mme pondor. Tue tro men
232 2262 803 2312 pere talen into custo at once.
295 2331 1119 2384 The had nignt cler the Vandermore vas
226 2376 1101 2432 buy resistering guestas arrivins fron en cari¬
220 2427 1101 2477 mening train, de plancen un tron his bools.
229 2468 1107 2527 just lone encuen ó obseros che distinguispe¬
226 2510 1107 2569 me avier pasing ronen che rover in tue di¬
229 2555 1107 2614 reccion or ine side streer entrances que or parte
220 2600 1113 2656 orten. Tue observation dia por create any in¬
1218 722 2036 781 Siguió un instante de silencio, y Langdon de
1152 767 2039 823 un modo insitado apago la luz electrica, dejando
1152 808 2036 867 la habitación en densas tinieblas. El conde pes¬
1158 856 2033 918 para murmuro algo inconerente que desenero en
1155 910 1364 960 un grunido.
1218 955 2042 1011 Madame se levanto pausada y arrogantemente
1155 1002 2039 1055 y se encaro con su acusador llena de soberbia,
1149 1041 2039 1097 puntandole con un pequeño antomarico que saco
1149 1089 2042 1142 de su falla pero el mitar de apunto a su vez con
1152 1137 1552 1187 uno de mayor cabre.
1221 1176 2036 1232 Con un estalido, Madama tiró su arma sobre
1152 1223 1301 1279 la mesa.
1230 1265 2042 1315 —Sea lo que V. quiera. Señor. dijo la joven
1158 1307 2042 1363 triamente pero recuerde que soy ciudadana de
1161 1352 2042 1405 Francia asi también lo son el conde y condesa de
1158 1399 1704 1452 Rausmon y el conde pespara.
1218 1441 2042 1500 ¡Quiere V. perindicar á sus alados V. nada
1152 1486 1839 1539 puede hacernos en los Estados Unidos.
1197 1528 2039 1581 El dere sonrio ciertamente, Francia nos sal¬
1155 1570 2036 1626 vará la dincultad de fusilar una partida. V. sera
1152 1611 2036 1670 deprtada Pero prancia de congratulara de la des¬
1149 1653 2030 1721 gracia, como y la llama, viendola a y comprome¬
1152 1704 2039 1760 fida, las autoridades no han olvidado el asesinato
1155 1746 2036 1805 del capitan avier un sollado frances ni sus su¬
1146 1791 2039 1847 siguientes intrigas en Espana, las cuales crearon
1155 1835 2042 1894 dificultades a Francia, por haber infiltrado entre
1152 1883 1883 1939 los espanoles sentimientos pro sermanos.
1233 1925 2042 1978 respecto a prida von puelo el nombre es
1161 1970 1874 2026 bastante para satisfacer al más exigente.
1227 2018 2042 2068 El conde Rausmont y el conde Despara, se
1152 2062 2039 2112 comprende facilmente que han sido sus vietinas.
1241 2098 2042 2154 Es bastante, senor oficial dijo prida von¬
1152 2146 2048 2199 Buello con arrogancia, Llene su cometido, nonos
1155 2194 1671 2247 importan sus necios detales.
1218 2235 2039 2291 El defe abrió la puerta y entraron cuatro agen¬
1224 2346 2042 2399 El jefe nocturno de la Vandermore estaba
1152 2391 2039 2447 ocupado registrando á los huespedes que acababan
1155 2432 2030 2491 de llegar en el tren de la manana. En una pien¬
1155 2480 2033 2533 da sobre nadame justamente cuando ella atrave¬
1155 2528 2033 2578 aba el rover y se dirigía a la puerta de entrada.
1161 2567 2039 2620 Una de la partida de dien, pero la bservación po¬
1152 2615 1406 2668 le impresiono.
1230 2656 2039 2709 Una semana más tarde los periódicos publica¬
1155 2701 2045 2754 ban la noticia de que una dama tan deliciosamente
1164 2749 2045 2799 permosa como ladame Ravier, habia resultado
1158 2791 2045 2844 una terrible espía pagada por alemana, y que
1152 2839 2048 2889 mientras esperaba ser deportada a Francia halia
1152 2880 1865 2933 muerto misteriosamente en Elis islana.
1056 3092 1442 3145 Ayuntamiento de Madrid
