2479 3508
985 393 1465 449 HERALDO DE LA MUJER.
358 483 1188 545 Noted also, that one Arthur Langdon o? St.
292 528 1185 587 Cruz yas no longar a guest al le hote. Ana
286 573 1185 631 remembered inar he ha ben one or a parey or
286 617 1182 676 ten to leve una vandermere in tue pes, sal¬
289 665 949 718 honrs one mornin le veel petore.
361 716 1191 772 Severed wires and sundry appliances had been
286 758 1182 817 founa in tue roon latel ocupiea bo Mme, inci¬
286 802 1185 858 dentil oiner vires plien niene have peen disco¬
292 844 1185 906 veren in roon dis directi pelos ine sitina roon¬
289 892 1182 951 or suite H. Langon had been te ocupantoros.
364 943 1188 1002 hereupon, the night cler made his own de¬
286 985 1182 1046 ducciones no sial al hat deduccione, Mme.
283 1035 1185 1091 Yavier alas pronsard, made as to her betrayer,
1313 492 2143 560 Se notó también que el Sr. A. Langdon de Sta.
1244 534 2140 602 Cruz no continue siendo nuesped del hotella y se
1241 578 2143 649 recordaba que el habia sido uno de los diez para
1250 626 2140 694 conducirlos a Vandemore en la pequena estación
1241 668 1582 727 una semana antes.
1325 713 2143 778 Varios alambres y herramientas se habían en¬
1250 758 2137 829 contrado en la habitación ocupada filtimamente.
1247 805 2140 870 por Mame e incidentalmente conectados con ellos
1250 844 2137 918 Se habían descubierto otros en la habitación 96.
1241 889 2155 960 sita justamente debajo de la sala de recibo de¬
1250 937 1988 1002 Madame la cual había ocupado Langdon.
1313 979 2140 1046 Por todas estas conciencias, el empleado
1241 1023 2143 1091 noeturno hizo sus propias deducciones, y se dio
1241 1068 2140 1139 esta Mime avier alas pronsara, era una tradora.
534 1217 943 1276 IN BRAL
361 1298 1185 1357 Tha Wo nans Magazines. (Revista Femeni¬
280 1346 1185 1402 no founas y viegina de sonza Sales, tales
289 1391 1182 1447 es place amons popular magarines in tue largeste
289 1435 910 1491 republio or soños america, Branil.
361 1480 1173 1536 Tue magarine is distinetl pro sufrage, al¬
280 1522 1179 1578 honen fetión fasion poetro, art ana even co¬
283 1567 1176 1623 men play a prominente parte in maging te maga¬
280 1611 1185 1667 ine one or tue mos atractive periodicas devorea
283 1659 1191 1712 to tue varios interes or pomen publisea in que
283 1704 752 1760 latin american contries.
412 1776 1068 1829 AMONG WOMEN O LATIN COUNTRIES
1316 1211 2134 1288 The deathor Mlle. Marie Bonnevialo? Paris¬
1241 1259 2152 1336 on December un is looten upon mil exceding
1241 1304 2146 1375 regretin surrrage creles in France, Mue poner
1250 1346 2149 1426 vial vas vice presidentor tue National Counsel oro
1250 1397 2146 1467 romenor France havingenarse orte departmen¬
1241 1438 2149 1509 por goman sufrase. A poner in le sufrage
1247 1483 2152 1554 por or France, Mle. Bonuevial suent te pes¬
1253 1531 2146 1599 vears or her lite portin for te higner educacion
1241 1573 2137 1644 or momen. During le rar. Mle Bonevial con¬
1241 1617 1997 1688 finea her morte to service for her conte.
1319 1710 2143 1781 On August 23th. 1918, the Liga Española pa¬
1244 1758 2146 1829 ra el progreso de la Mujer, or Valencia, Spain.
1241 1800 2146 1867 celebraten a reunion plien preceeden tue eleccion
1247 1844 2140 1912 pr mue frete junta Directiva or tue Liga an tie-
1250 1892 2143 1957 legal constitucion. Ana C. Bernel vas electea
1250 1940 1931 1999 president. Amalia Carvia, secretar.
1325 2020 2143 2091 The consuls of Mexico perform an estimiable
1244 2065 2146 2139 service in connecting te momen or tle Latin
1250 2116 2143 2181 American contries tro cer diplomatie fune¬
1250 2152 2146 2217 ciones, arrentina ana reguay arre ene en enu¬
1250 2191 2146 2256 pres in Sonta america muere mue surge
1250 2226 2152 2294 Consel or Vomen blays an importante para in¬
1256 2262 1579 2321 Romen politiene
358 1856 1185 1912 Premier Clemenceano France, noton gives,
283 1904 1185 1960 his suppor to he plan or givino momen a volce in
280 1949 1179 2008 he peace conferences ana une League oralions.
280 1994 1185 2050 pie has declares una he favors te pasage or in¬
280 2035 1191 2094 municinal surase measure noy pending in te
283 2080 698 2139 Chambers or pepues.
355 2167 1179 2229 The Senate in the republico Perú has appro¬
280 2209 1185 2274 ven a lay to refora civil legislation regarding ma¬
274 2259 1185 2318 rimon. Tue lavis rounda upon estern moral¬
280 2304 1188 2363 ana plitosopa, an las created a disturbance in
277 2352 1188 2411 Perá in mino or tue tomas piere ne la pona
277 2397 1188 2459 be aporoven tus momen arre vigoros porting
274 2438 1182 2500 arinse one or ine debatales pointe honeper.
283 2483 1185 2545 te ace enatine avores las to de supplantes
274 2531 1179 2590 be de ney lay, ana accordinsto che aquerente or
277 2582 1146 2635 god lawa, he real cause or adultary is divorce:
355 2665 1176 2724 The Attorney General of the Territoryo Ha¬
274 2710 1167 2769 val has been requesten to ra un a bil provi¬
274 2755 1176 2817 ding for te franchise or momen. Covernor y. C.
274 2800 1179 2859 Mecartivis queten as favoring ponan sufrase.
277 2847 1179 2906 rue question mil come un in fue nero session o
268 2892 755 2948 che Hawalian Legislature.
1340 2376 2068 2441 hat Every Noman ante to non
1558 2447 1833 2500 CAN BE FOUND IN
1319 2525 2065 2587 HERALDO DE LA MUJER a PCTORAL BENEN
1406 2576 1597 2632 (Senimento.
1836 2582 1961 2632 (Mon.
1370 2633 2018 2691 IN COMBINATION.......................... 500
1373 2692 2009 2751 Te PICTORIAL, ofers. anhoritalive fashions.
1307 2737 2060 2799 me HERALDO ader. en enclase el iles rsan¬
1388 2788 1991 2844 mas acimies in Ambo al lan amerca.
1531 2850 1862 2900 Mail yor subscription to¬
1782 2904 2086 2954 Humacas, Porto Rico¬
1050 3101 1439 3151 Ayuntamiento de Madrid
1976 1149 2092 1202 in¬
