2479 3508
874 429 1340 482 HERALDO DE LA MUJER.
438 561 1922 614 TODO EL MUNDO DESPERTA
340 656 1152 715 Es admirable considerar el resurgimiento fe¬
265 695 767 754 menino en el mundo entero.
352 740 1155 796 Hasta España. la noble nación de mujeres
271 776 1155 834 hermosas y cielo incomparable envos hombres
268 811 1149 870 neros man realizado prueras tan elevantes que
274 847 1149 912 han superado a todas las que recuerda la historia,
271 886 1146 945 levadas cado por los demás pueblos de la tierra.
346 934 1149 990 hasta España que pesar de tener inmirada
268 967 1137 1026 en su pueblo la sangre arape caballereses sona
268 1008 1149 1067 doras, pero que nacia de cada nombre un cuelo.
271 1044 1149 1100 peractario á los adelantos y escansiones remente
271 1080 1143 1139 mas y de cada mujer un estre mido sin es
268 1125 1146 1175 piraciones una serva sumisa al parecer de su amo.
274 1158 1155 1214 renacia por lo tanto a consideranse un ser con¬
271 1196 1152 1249 alma e inteligencia, con los mismos derechosa
277 1232 1143 1285 pensar decirer a participar de la vida intele¬
268 1268 752 1327 nar de su companero en
349 1313 1149 1366 Hasta España vemos, que sacudiendo los pre¬
271 1358 1146 1411 juicios de edades fenecidas surge gallarda, pro¬
268 1399 1152 1452 lamando los derechos de la mujer y poniendose
271 1444 1155 1500 en este instante psiquico de su vida, a la cabeza
277 1489 1149 1542 del movimiento femenino mundial, con su hermo¬
271 1531 1158 1587 so Manifesto o programa que la sociación de
268 1576 1146 1635 Mujeres Españolas acaba de dar a la publicidad.
268 1617 1152 1679 donde con maduro juicio y exquisita previsión,
271 1665 1149 1718 trata todos los puntos accenibles a la actuación
268 1710 1146 1763 de la mujer en nuestras modernas sociedades.
271 1752 1143 1805 respecto á la ayuda poderosa que puede ella pres¬
271 1797 1158 1853 tar en el adelanto, moralización y progreso de
271 1841 453 1897 su pueblo.
346 1889 1155 1942 Entre sus artículos, todos muy bien pensados,
268 1928 644 1987 vemos los siguientes:
453 1976 1158 2029 Arto 22.—Establecer centros de ense¬
420 2020 1146 2073 nanza para la servidumbre domestica
417 2062 1149 2115 escuelas de cocineras, planchadoras, ete
453 2110 1161 2160 Arto que mundar los tales para el
414 2152 773 2205 servicio domestico y
459 2194 1146 2250 Arto q. Declarar obligatoria la ense¬
420 2241 1164 2294 nanas elemental de las erios quietando
412 2280 1149 2336 de las senoras que en los mas de la sema¬
417 2325 1149 2381 na que se señalen, según las circunstan¬
412 2373 1155 2426 las permitan su servidumbre femenina
420 2421 1155 2471 que no sena leer ni escribir la asistencia
420 2462 1152 2515 de una hora a las clases que se establer¬
1188 662 2077 715 que su corazón magnánimo ha comprendido per¬
1188 698 2071 754 ectamente enales son los deberes de la mujer y
1191 740 2083 790 mas aún los de las que se sienten eministas pues
1188 773 2080 829 sur deber es dar la mano, y proteser, a la mujer
1191 811 1827 864 a uno de todas las estras sociales.
1268 853 2083 909 Esto es hermoso y nuestro deseo es que estos
1197 886 2074 945 cuerdos de la mujer española lleguen al comper
1197 931 2080 981 miento de la mujer puertorriquena y comen su
1194 964 2068 1017 corazón para que nuestras paisanas, por lo gene
1197 1005 2080 1058 al generosas y altruistas se preparen aguar¬
1197 1044 2080 1097 de un modo ecuanime con las mujeres y los niños
1200 1083 1931 1133 que componen la masa de nuestro pueblo.
1265 1125 1862 1178 Más adelante dice ese Manifesto:
1376 1161 2074 1217 Hay que acabar con la tradicional cos¬
1337 1208 2071 1261 tumbre comercial de expotar esagerada.
1340 1250 1946 1309 mente el trabajo de la mujer enes
1373 1295 2071 1348 Hay que promover la creación de esta¬
1334 1340 2077 1393 blecimientos para los hijos de obreros, con
1340 1382 2077 1441 ecciones graduadas donde tengan perre¬
1334 1429 2080 1482 alimentación y enidado desde el mas tierno
1337 1477 2080 1527 inrante al que por su edad ele ingresar.
1337 1519 2080 1572 en escuelas o taleres nacionales Esto la
1337 1561 2074 1617 de ser uno de los ines que con más solici¬
1340 1608 1821 1661 tun atienda la sociación.
1268 1656 2080 1715 Muchas señoras y señoritas de la isla, nos han
1194 1701 2077 1757 escrito que ellas no de sienten feministas, porque
1194 1743 2083 1802 su buena posición les proporciona todo lo que de¬
1194 1794 1639 1847 sean, y no aspiran a mas.
1268 1835 2080 1894 Las que así hablan, no han pensado un momen¬
1197 1883 2080 1933 to que no es posible vivir solo pura se en el mundo:
1194 1919 2080 1981 hay que pensar en los demás en tanta mujer y
1194 1967 2083 2026 niño desgraciados como existen y en el bien que
1203 2012 2060 2073 pueden hacer a la sociedad las feministas inteli¬
1197 2056 2006 2118 gentes y sinceramente honradas y altruistas.
1265 2098 2077 2157 Además, la mujer rica debe de pensar, que no
1197 2146 2086 2205 siempre pueden conservarse las riqueras las que
1197 2185 2086 2247 estan sujetas a la eventualidad y que debemos
1194 2229 2083 2291 trabajar para nuestras hijas, para la generación q.
1194 2268 2080 2327 nos suceda para la humanidad para la patria.
1194 2304 2074 2375 para prepararle mayor progreso, y mayores opor¬
1200 2355 2086 2417 unidades de obtener el mavor adelanto moral e
1194 2394 2080 2459 intelectual que nos sea dable alcanzar en esta tie-
1194 2450 2080 2503 rra, que tenemos el der de amar y de ayudar.
1194 2492 2083 2551 como se ama y se ayuda a la madre cariñosa á
1194 2540 1692 2599 quien debemos la existencia.
1274 2576 2077 2638 on! mujer puertorriquena, el momento ha¬
1191 2630 1516 2683 llegado de actuar.
1268 2662 2074 2724 Deja ese dolce farniente enervador que te anu¬
1197 2710 2074 2772 la para la vida civica, y elevandote sobre las mise¬
1194 2761 1770 2814 rias humanas, levantade y anda.
1573 2821 2080 2874 Ana Roque de Dupren.
1250 2871 2086 2933 NOTA Véase el Manifiesto de las Mujeres Españolas.
1418 2913 1851 2972 pupicado en el prepara
1056 3092 1442 3145 Ayuntamiento de Madrid
