2479 3508
934 381 1421 434 HERALDO DE LA MUJER.
659 570 1806 631 MUNDIAL
238 695 931 751 LOS CANADIENSES SE REBELAN.
310 749 1131 805 En un campamento británico 5 personas fue¬
232 790 1137 849 ron muertas, al fueron heridas y se canso daño a
241 838 1125 894 la propiedad. Muchos solados fueron arrestados.
238 880 1131 936 El motivo del motin tuvo por causa la tardanza en
238 928 874 981 pagarles y enviarios a sus hogares.
313 970 1131 1029 En un campamento de 25000 canadienses, y
232 1014 1137 1070 al grito de Vengan los polsevicios asaltaron las
241 1059 1131 1115 tiendas y gran número de hoganas de pan fueron
238 1101 1134 1160 tiradas dentro del lodo a estos desgraenes siguie¬
235 1149 1137 1205 ron otros. Cuatro transportes fueron habitados
247 1191 1131 1249 para levar 10000 al Canada de los que no esta.
238 1235 803 1294 ban complicados en el tumulto.
238 1286 620 1342 POR AEROPLANO.
310 1334 1128 1387 En cuatro y media horas, de Daton a Mineo.
232 1376 1128 1435 la, fué recorrida una distancia de bola millas. E.
232 1420 1125 1476 motor Libertad, era de 400 caballos de fuerza.
238 1462 1137 1524 El vuelo de Mincola, I. L. a panton, onio, se hizo
232 1510 728 1569 una altura de 10000 pies.
241 1564 597 1617 LOS ALBANESES.
316 1608 1134 1664 Una delegación de Albania en las Conferencia
235 1653 1134 1706 de la paz, ha explicado Clemencean la cuestión
238 1701 1116 1751 griera proponiendo que los Estados Unidos al
235 1740 1137 1796 ministren durante un ano el territorio reclamado
244 1788 1125 1844 por los albaneses en el que esta melado recha¬
232 1829 1131 1888 mas al Sur y toda la parte del territorio albanes
235 1874 1131 1933 amerada á Montenero y a servia, y a Euro a
232 1919 1119 1975 Norte, que tanto Grecia como Albania reclaman
232 1973 782 2029 LOS PAISES AMERICANOS.
310 2015 1134 2068 En unión de Portugal consiguieron importan¬
238 2056 1131 2115 tes puestos en la Comisión de Finanzas y cono¬
232 2107 340 2160 mías.
313 2152 1137 2205 En la Comisión de Finanzas obtuvieron los
244 2188 1140 2250 rases sur americanos mavoria, comparados con¬
235 2235 1134 2294 las pequenas naciones de Europa, Perá obtuvo la.
235 2283 1122 2336 praril lo Bolivia o panama y portuna 9 y el
232 2328 432 2381 Ecuador e.
313 2373 1137 2429 Los Latino Americanos al darse cuenta de que
226 2415 1122 2474 las naciones europeas estaban en minoría, quisie¬
232 2459 1131 2515 ron recomendar al Consejo se concediese a los
232 2501 1128 2560 europeos asientos más en cada Comisión, pero
238 2549 1131 2605 los Europeos, excepto portural, se negaron a ate¬
235 2597 534 2650 tar la concesión.
313 2638 1125 2697 Ninguno de los países Latino Americanos par¬
226 2683 943 2739 ticiparon de la guerra escento el prani¬
307 2731 1024 2787 Contrario este informe hay este otro¬
310 2776 1131 2832 Las 16 pequenas naciones están divididas por
232 2818 1131 2877 continentes de este modo Europa Belgica, Cue¬
232 2859 1131 2921 hojovalia crecia Polonia, Portural, Rumania y
229 2907 1128 2963 Servia. Sur América, polvia, prafil, Cuba, Pa.
1170 698 2068 760 nama, Perú. Ecuador y Uruguay. Asia: China y
1176 746 1274 799 Siam.
1241 790 2071 843 Los Sur-Americanos han tomado muchos de
1173 832 2068 885 los sitios de esas comisiones por virtua de la su¬
1173 883 2074 933 perioridad del número. El resultado indica una
1170 922 2071 978 combinación de fuerzas con portural que esta
1170 967 2074 1020 atado con viejos laros al pranil, y es posible que
1170 1011 1833 1064 que con Sia, para obtener mavoria.
1173 1065 1940 1118 TRATADOS DE BELGICA Y HOLANDA.
1247 1107 2068 1160 Existian desde 1839. Ellas estaban unidas con
1176 1152 2065 1208 la gran pretana Francia, Austria, Rusia y prusia.
1176 1196 2063 1249 rres de esos estados poderosos han desaparecido.
1170 1241 2063 1294 El tratado fué un pedazo de pupel para alema¬
1170 1286 1862 1339 nia, que lo violo, al invadir a Bigica.
1247 1331 2065 1381 A Belgica se le restaurará su completa sobe¬
1176 1373 2068 1429 ranta Holanda tendrá que comparecer ante los
1176 1417 1624 1473 cinco grandes poderes.
1170 1471 1591 1521 INTRIGA ALEMANA.
1241 1516 2068 1569 Alemania intenta hacer una secreta alianza
1167 1558 2060 1614 con los americanos huphernates, con los holan¬
1170 1605 2065 1658 deses pro alemanes y con los suinos. Alemanales
1176 1650 2068 1703 prece privilegios comerciales. Elos creen que
1173 1698 2068 1748 podrán explotar a Rosia. El centro de la intriga
1170 1740 2068 1793 es Suiza. También hay agentes en París. Estan
1170 1782 2063 1838 dispuestos a ayudar a alemania financieros pode¬
1170 1829 1636 1879 rosos y poco escrupalosos.
1167 1880 2063 1930 LO QUE DICE ROBERTS, MINISTRO DE ALII.
1170 1925 1361 1978 MENTOS.
1241 1970 2068 2023 Con fecha 7 de marzo, dice Roberts desde
1170 2015 1582 2065 Newcastle inglaterra:
1241 2056 2068 2112 Rumana, Servia, Austria y Alemania se es¬
1170 2104 2065 2157 tán muriendo de hambre. Desde que se firmo el
1173 2152 2068 2202 armisticio los Alizados están haciendo lo que pueden
1179 2197 2060 2247 para aliviar esa situación. Se han mandado provi¬
1173 2238 2065 2288 siones estos paisos, pero no es bastante hay que
1179 2283 2071 2336 prevenir una catastrore, proporcionando mayor
1170 2325 2065 2378 cantidad de alimentos. Nosotros no podemos estar
1170 2370 2074 2423 satisfechos mientras sepamos que Europa de esa
1170 2415 2065 2468 muriendo de hambre hemos ganado la guerra vel
1167 2459 2065 2509 espirito de esta nación es avidar a mejorar la si¬
1170 2504 2074 2557 tuación de los que sufren, tan rapidamente como
1170 2549 1388 2602 sea posible.
1173 2603 2071 2656 POR ITALIA SE ENCIAN ALIMENTOS A LOS
1170 2644 1382 2697 ESLAVOS.
1247 2689 2074 2742 Mr. Hoover tiene en sus manos el problema de
1164 2734 2063 2787 alimentar a Austria, Hangría. Crecheslevadia y
1167 2779 2071 2832 jugo slavia Alemania necesita dos millones de to¬
1170 2824 2071 2877 neladas de provisiones hasta que pueda recojer su
1170 2871 2060 2924 proxima ensecha Los países del Sir necesitan dia
1173 2913 1865 2966 riamente y no toneladas de alimentos.
1053 3101 1442 3154 Ayuntamiento de Madrid
