2479 3508
907 498 1442 548 HERALDO DE LA MUJER.
358 671 1241 733 cerrada en Labade pero será vuelta abrira y ci¬
361 716 686 775 claran los trenes.
423 761 1244 823 Mr. Hoyver cree poder empezarinmediatamen¬
352 802 1247 867 te a alimentar a los pueblos que se mueren de
352 847 1244 909 hambre y eres que dentro de poco tiempo la situa¬
355 892 1244 957 ción habra mejorado aunque el Comite todavia no¬
355 934 1244 999 ha recibido pago ninguno, todos los países recibi¬
352 979 1238 1043 ran alimentos hasta los enemigos que estar ansio¬
346 1023 934 1088 sos por pagar lo que se les pida.
414 1071 1236 1133 Aplacando el hambre se destruirá el bolshe¬
355 1113 531 1172 vitismo.
352 1161 1107 1220 PRIMERAS FEMINISTAS ESPANOLAS.
426 1205 1230 1264 En la hermosa ciudad de Cadia, patria de tan¬
346 1244 1233 1312 tas y tantas relebridades espa molas. Cas telar.
349 1292 1230 1354 Mendrabal penor Moret ete vela, la luz pa¬
352 1337 1230 1396 blica, por el año 196, el periódico titulado El pen¬
343 1382 1233 1441 sil Caditano, cua inteligente directora, Maga¬
346 1426 1233 1485 rita paren de Ceis levo cabo una concienda y
346 1468 1035 1530 mericina labor en pro del feminismo.
349 1522 1236 1572 Para ello hizo un lamamiento a algunas dis¬
349 1555 1227 1617 tinguidas escritoras y a todas las mujeres de rela¬
349 1603 1236 1664 tivo talento a fin de que colaborasen en su bra, y
349 1647 1233 1709 fruto de aquel fue la publicación de un foleto. La
340 1689 1233 1751 mujer y lo sociedad debido a la pluma de la Srta.
349 1737 1224 1796 Da Rosa Harina, prologado por la mencionada di¬
349 1779 943 1838 rectora Margarita peren de Cela.
426 1823 1233 1885 Vamos transcribir algunos rarrafos de los
340 1868 1224 1927 indicados prologo y foleto para que nuestras les
343 1910 1227 1972 toras se capaciten de como ya en el ano y del
340 1961 1230 2017 pasado siglo existian en Espana mujeres que an¬
343 2003 1227 2065 siaban la reivindicación de los derechos femeninos.
420 2044 1230 2106 La sociedad que pa Marganila Peren de
340 2092 1224 2148 Cel puede escoger uno de estos dos caminos: o
337 2134 1227 2193 aceptar la civilización con todas sus consecuencias
340 2179 1218 2238 recharla preririendo la barbarie En el prime¬
343 2226 1224 2282 ro se encuentran las ideas vertidas en este escrito:
340 2268 1224 2327 Educación de la mujer. Tacilidad para consagrarse
334 2313 1218 2369 toda clase de proreciones y derechos para parti¬
334 2358 1227 2417 cipar de las ventajas civiles y pulticas de que el
337 2400 1218 2459 hombre goza. En el segundo se encuentra la diso¬
340 2444 1218 2503 lución social La condenación y el abandono de los
334 2492 1212 2548 progresos verificados hasta hoy, el embratecimin¬
334 2537 1224 2593 to, la servidumbre, la negación del cristianismo;
412 2579 1221 2638 Vense como despues de medio sielo vuelven las
334 2615 1221 2677 mismas ideas a dominar las inteligencias de las
331 2653 722 2712 reministas estancias.
409 2701 1221 2754 He aquir como las feministas de hoy y las de
334 2737 1212 2796 aver persiguen ines identicos, De pedención
406 2782 686 2835 EN LA INDIA.
412 2830 1221 2883 Una distación de mujeres de la India se ha
331 2865 1221 2918 presarias al encanto bera en en madras para
331 2901 1218 2954 reclamar la enidad bontien de las mujeres que
331 2937 1215 2990 estimos que por enos partes un no son lores
331 2973 1068 3029 los hombres y demanar esta en estudio¬
1277 590 1486 646 EL CABO.
1358 632 2170 688 En El Cabos ha sido votada una ley de eman¬
1286 683 1624 733 cipación femenina.
1292 728 1859 781 QUEN ES BEN B. LINISAY.
1355 764 2161 820 El juez Lindsay un eminente reformador so¬
1283 811 2170 861 cial que ha hecho su nombre famoso por ser el
1283 856 2170 906 iniciador de las cortes de niños, es un entusiasta
1283 901 2164 954 feminista, y al regresar de uropa, fué a Washin¬
1283 940 2158 996 ton por invitación de las mujeres que le mantes.
1286 985 2164 1040 taron el deseo de que hablase acerca de la enmien¬
1280 1029 2167 1082 da del sufragio que estaba pendiente en el senado
1277 1074 2164 1127 Americano. Linasay cuiso hablar desde el medesta
1280 1110 2167 1166 de una estaria, la escatua de algun patriora, que
1277 1158 2170 1208 sin duda, había luchado por la democracia y la
1277 1199 1430 1255 bertad.
1352 1244 2167 1300 Lindsay que acababa de llegar de la liberal
1271 1286 2170 1339 Insaterra, donde se celebran en los parques los
1271 1331 2161 1387 grandes mestinos, se sintio consternado al verque
1280 1376 2167 1429 de arrestaba a aquel grupo de mujeres porque pro¬
1280 1417 2164 1473 testaban de que el senado de los Estados Unidos
1271 1465 2164 1518 no le diese la demogracia que merecian los que
1271 1510 2158 1563 ostentaban sobre su pecho las estrelas de servicio.
1277 1555 2158 1605 que acreditaban que sus hijos o que sus esposos
1271 1597 2158 1650 estaban pelcando por esa democracia, en prancia.
1274 1641 2155 1691 La Demogracia, que, bajo el Gobierno no es nece.
1274 1686 2110 1739 sariamente medida por un nombre o una forma.
1352 1731 2158 1784 Como Lindeay es en la polica mericana un
1271 1773 2152 1826 progresista y un admirador y sostenedor de la po¬
1271 1817 2158 1870 tica de Rooseven en el partido progresista y de
1277 1859 2167 1915 mison en el partido penderata, habra segio
1265 1907 2158 1957 siempre con interes la campaña de lova ceorge a
1271 1949 2158 2005 favor de las pensiones para las personas de edad.
1265 1994 2152 2047 y toda su inciativa y esfuerzo a favor de los deli¬
1265 2035 2155 2091 es, emperando por los niños, menos fuertes que
1268 2086 1427 2136 nosotros.
1331 2128 2152 2181 Es Lindsay un entusiasta admirador de Lloyd
1268 2173 1409 2226 George.
1259 2215 1465 2268 FRANCIA.
1337 2256 2149 2312 Los trabajos para alcanzar la concesión del
1262 2301 2152 2357 derecho de sufragio para la mujer francesa, parece
1265 2346 2146 2399 que se han de ver coronados del más completo eni¬
1265 2394 2146 2444 to en el prosimo invierno, pues los 150 diptados
1262 2435 2149 2491 pertenecientes al grupo de los derechos de la mu¬
1259 2483 2113 2536 jer han decidido tomar con empeno este asunto.
1892 2522 2092 2572 ATENE
1256 2612 2143 2665 NUESTROS FAVORECEDORES
1346 2677 2140 2730 Todas las mujeres cultas y progresistas,
1253 2731 2134 2787 y los hombres más ilustrados van suscribién¬
1262 2782 1880 2835 dose al Heraldo de la Mujer.
1337 2868 2134 2924 ¿Por qué no lecerán mucho las puerto¬
1253 2922 2146 2975 rriqueñas? Si leveran, serían las mujeres
1256 2976 1809 3029 más ilustradas de la tierra.
1050 3092 1436 3142 Ayuntamiento de Madrid
