2479 3508
997 438 1480 494 HERALDO DE LA MUJER.
495 528 818 602 N
1686 537 1800 602 O
507 564 1567 643 UIAL
1594 581 1839 641 S
495 587 620 658 FER
274 719 662 775 A normal Situación.
352 764 1167 817 Nuestros partidos políticos se hallan perplejos
280 808 707 864 ante la situación actual.
346 856 1167 909 El partido unionista, se encuentra acefalo, y
277 898 1167 951 descorazonado, al ver el poco interes que muestran
274 943 1167 996 los senadores y Representantes que nombre para
274 987 961 1040 las Camaras en las pasadas elecciones.
349 1029 1170 1085 No concurren á las sesiones legislativas, y es¬
274 1074 1164 1127 tan con su conducta incomprensible soravándo los
274 1119 1161 1175 prestigios y la vida de su partido, ahora cuando
268 1164 1155 1217 más se nes, ta el concurso y la precisión de todos.
349 1205 1161 1255 El partido Repabicano estacionado aspiran¬
274 1250 1155 1303 do eternamente a un imposibles metricado con¬
274 1295 1167 1348 deando el espacio vacio de una esperanza muerta
271 1340 1164 1393 al nacer y nada práctico resuele por el bien de la
280 1388 465 1438 con mi jad
355 1429 1155 1485 El partido Socialista, siempre increpando,
268 1474 1158 1527 siempre amenicando trata de que sante el oro de
274 1519 1158 1569 las piedras como el Moisés de la historia hizo pro¬
277 1561 1164 1617 tar el agua de las roras, para satisfacer a su pue¬
274 1605 501 1664 plo sediento.
349 1653 1158 1706 Pero nuestra situación económica, debida á la
268 1695 1161 1748 reada en el mundo entero por la guerra, no puede
274 1740 1161 1793 dar de sí, por mas que se increne y se amenace
277 1785 1161 1838 perenas y sorporaciones q. no tienen en su mano
274 1823 716 1879 los medios de mejoraria.
346 1862 1155 1918 Veremos lo que resulta de la venida de los Re¬
274 1904 519 1957 presentantes.
277 1955 662 2005 Angel San Padila.
343 1997 1167 2050 Este apreciable joven, hijo de nuestra genial
277 2041 1158 2094 Tena, ha sido nombrado prector del panco Colo¬
277 2089 910 2142 nial de Mayaguez. Lo Felicitamos.
283 2134 459 2190 Barcelo.
349 2182 1155 2235 El Presidente del Senado. D. Antonio Barce¬
274 2226 1161 2279 la se retira de este puesto de confianza, en los
271 2274 1152 2327 instantes mas erticos de nuestra vida piltica,
271 2313 1155 2369 cansado de recibir insuntos e impuraciones injus¬
274 2358 1155 2414 tas, se retira a la vida tranquila de su hogar.
274 2403 1074 2453 quen le sustita en el eco de procusto
352 2441 1158 2497 Vemos a Puerto Rico imitando á la antigna
277 2483 1146 2539 Crecia Esta lena de envias y de otros colecti¬
280 2528 1158 2581 vos fue nutilando las frondosas ramas del árbol
268 2576 1155 2629 de su valimiento, encarelando o desterando, o
271 2621 1158 2674 reduciendo á la impotencia á sus hombres de va¬
271 2662 1155 2718 ler hasta que el extraniero desparbajo a las me¬
271 2710 1158 2763 dianas eniosadas y privo a esa nación de toda
262 2755 815 2811 libertad anulandola por siglos.
271 2803 444 2856 Cuismo.
334 2850 1155 2900 Lo están mostrando nuestras mujeres, ocupan¬
262 2883 743 2942 dose de asuntos plectos.
1143 647 1555 697 como
1221 716 1609 769 Don Marcelino Solá.
1301 764 2068 817 Celebramos esté bien de su ataque grippal.
1227 811 1785 864 Don quintín Negrón sangurio.
1295 859 2113 909 Este distinguido amigo nuestro, también se
1224 898 1561 951 hala restablecido.
1230 946 1567 996 Don Pedro ciusti¬
1295 990 2116 1043 Ha tenido feliz exito la operación a que ha
1224 1032 2110 1088 tenido que someterse lo que nos place mucho. Se
1227 1083 2113 1133 lice que pronto se marchara para Europa con su
1227 1119 1364 1169 amilia
1230 1167 1842 1220 Doña Genara Millán de Cerecedo.
1295 1214 2104 1264 Ha falecido en Asturias esta digna señora.
1224 1256 2101 1309 Nuestro pesame a la familia cerecedo de San Juan,
1224 1304 1600 1357 E. Señor Carminen.
1298 1352 2104 1405 Este Señor, tan estimado en Patillas, ha falle¬
1221 1394 1704 1449 cido, Nuestra condolencia.
1224 1438 1492 1497 El Sr. ONel.
1298 1495 2110 1545 Ha sido nombrado Director de la Biblioteca
1224 1537 2104 1590 Carnerie este digno aguadilano, único candida¬
1218 1579 2113 1635 to que reina las condiciones prácticas exigidas
1227 1620 1704 1670 por la den le encitamos.
1221 1665 1471 1718 E Buscapie.
1295 1713 2110 1766 Este semanario siempre interesante, publica,
1218 1758 2107 1811 un buen artículo de nuestra compatriota, y colabo¬
1218 1800 1818 1856 ra nuestra Srta. Carmela Eulate.
1221 1850 1645 1903 Europa y sus guerras.
1292 1898 2104 1957 No se han terminado las guerras europeas,
1218 1940 2104 1996 desgraciadamente Rosia. Alemania y Austria si¬
1218 1988 2110 2041 guen destrozándose y continuarán en su horrible
1221 2032 1991 2085 sangrienta tares, aunque se firme la paz.
1289 2074 2107 2130 Creemos que mison debe desenganarse de que
1221 2122 2110 2175 el entuerto europeo, nadie puede arreclario, solo
1218 2164 2101 2220 Dios y venirse a la tranquila América, donde po¬
1221 2209 2107 2268 remos vivir en paz, hasta que los nipones quieran.
1221 2256 1591 2306 El día del Maestro.
1289 2304 2095 2360 A iniciativas de Dr. Antonio Olero, las ca¬
1218 2346 2036 2405 maras acaban de aprobar El Dio del Maestro.
1218 2397 1459 2450 Felicitación.
1289 2444 2110 2500 Cordialmente la damos a nuestro distinguido
1212 2489 2104 2548 amigo Dr. Col y roste y a su senora hija Luisa.
1224 2537 2104 2590 por la satisfacción que han tenido al volver a ver
1221 2573 2107 2629 al vaniente mitar tus repe cuena y col, que
1221 2609 1934 2665 tanto se distinguido en la pasada guerra.
1212 2656 1444 2709 Mejorando.
1289 2704 2104 2760 La niña del Dr. Janer notable cirujano de esta
1218 2743 2104 2799 ciudad, que la estado gravisima con la inquena.
1206 2782 1806 2835 sigue mejorando palariamente.
1283 2818 2107 2871 puede deciree que es una cuma arranceda a
1209 2853 2101 2909 la muerte por la ciencia humana, con la ayuda de
1206 2892 1307 2948 DO.
1053 3092 1439 3148 Ayuntamiento de Madrid
