2479 3508
406 1286 1221 1342 Este distinguido militar puertorriqueño ha
328 1328 1221 1384 regresado Puerto Rico. Nuestro parabien á su
328 1373 561 1426 señor padre.
337 1423 594 1476 Protestamos.
406 1471 1221 1524 Con toda la eneroía de nuestra alma de que
322 1513 1218 1569 se quiera suprimir la Engnanan superior en
325 1558 1206 1614 Puerto Rico, cuando nuestros muertos ilustres.
334 1603 1209 1661 Acosta Balorioto. Correlado, Tapia, Cuevas, y
325 1650 1209 1700 tantos otros lucharon por ella año tras año ¡Como
322 1692 1050 1748 se entremeceran en sus sepuleros.
394 1737 1215 1790 Cuando todo pueblo medianamente civilizado
322 1782 474 1832 la tiene,
397 1823 1209 1879 Cuando con esas exiguas cantidades, tante la
322 1868 1125 1921 magnitud del problemal rado se remediaria.
403 1916 1209 1969 y por que eso sería un horrible parentes de
316 1958 1212 2011 obscurantismo, para nuestra isla, que tiene derecho
316 2003 865 2059 al progreso ya la civilización.
391 2047 1203 2100 Exo es peor que lecretar que las casas aco¬
316 2092 1212 2154 modadas, se alumbren con decie de coro, porque
316 2137 1095 2190 los campesinos no pueden usar un electrica.
394 2179 1194 2232 Y que todas nuestras damasusen trores de per¬
313 2226 1203 2279 cal, porque las campesinas no pueden usarlos de
316 2268 1188 2321 seda vas todo lo demás Eso sería menos perin¬
310 2310 1188 2366 dicia, para nuestro futuro además tenemos en¬
313 2358 1203 2411 tendido que la asistencia en las escuelas rurales
304 2400 1188 2456 existentes, es muy deficiente debido a la gran mi¬
307 2444 1194 2497 seria de los campesinos que no pueden mandar sus
310 2489 1197 2545 hijos a la escuela sin comer por lo que se ve que
310 2531 1194 2593 el problena es más hondo, y más dificil de resober.
316 2582 665 2638 Sobre lustrucción.
385 2630 1191 2686 El informe del Sr. Vicento nos parece muy
307 2674 1194 2733 acertado pero lo encontramos costoso en los mi¬
304 2716 1197 2778 mentos actuales No creemos tan hecesaria la
304 2761 1194 2817 escuela rural intermedia ni otras cosas El de la gra¬
307 2809 1191 2865 Mepron encierra grandes verdades que deben
307 2853 668 2906 atenderse con lacto,
352 510 976 563 Monseñor lones y el Gobernador.
346 596 853 655 dos Unidos. Les saludamos.
346 644 564 703 M. Mier.
346 737 1221 793 de Educación, y se encuentra con la novedad, que
343 781 1221 837 alguien quiere se uspenda todo progresa Escolar
340 871 1218 921 sustenta todo pueblo civilizado, Pero el pueblo
340 1005 1149 1061 culto, considerandolo una broma y nada más.
340 1050 779 1109 Mise ciados de Castro.
403 1104 1221 1160 De triunfo feminista puede calificarse el haber
337 1191 1104 1243 cado en la Corte Pederal, Perfectamente
334 1235 677 1288 Manuel nos y le.
973 408 1450 458 HERALDO DE LA MUJER
417 558 1227 611 Ambos han regresado de su tournde por Esta¬
417 695 1224 748 También está entre nosotros el Comisionado.
340 826 1227 882 en puerto Rico, suprimiendo todo aquello que
349 916 1227 972 puertorriqueno soporta este pur manar con la
343 961 1227 1014 cortesta y galanteria de un pueblo verdaderamente
331 1146 1224 1202 sido nombrada dicha señorita para un cargo deli¬
1346 540 2092 602 Cascara Amarga
1331 641 2158 700 Tomamos de "El Derechon periódico de Cabo
1268 683 2152 739 Rojo, el siguiente cuento que hacemos quesmor y
1268 719 1683 772 felicitamos a la pie¬
1337 758 2158 817 Me dicen que en la Asamblea de maestros
1268 808 2158 861 celebrada recientemente en Caguas el inspector de
1259 847 2149 909 escuelas de humacao, a pesar de ser americano,
1268 898 2155 951 pidio que la enseñanza se hiciera en castelanos es
1268 940 2155 996 decir que el imoma trasmisor ruese el castelano y
1259 976 1970 1032 no el ingles como ha sido hasta ahora
1331 1020 2149 1079 Ese americano, que de tal manera piensa,
1256 1056 1874 1112 merece el aplaugo general del país.
1337 1098 2152 1157 Y con tanta más razón cuanto que es el único
1262 1140 2152 1193 que ha tenido un gesto tan noble y simpericon
1265 1173 1468 1232 al sentido.
1331 1220 2149 1273 Indudablemente de estos entran pocos en tone¬
1259 1256 1600 1312 lada algo en libra.
1325 1301 2116 1354 Este debe haber venido á pié del continente.
1331 1346 2149 1399 quisiera conocer a ese digno hijo de la patria
1253 1385 1833 1444 de Lincon para darle un abrago.
1328 1432 2146 1488 Por que eso sí, el que seinteresa por el bien de
1250 1477 2146 1533 ni patria, por más yanqui que sea, tiene mi afecto
1256 1519 1582 1575 Vearino sinceros,
1247 1608 1713 1664 Señora Storrer de Lago.
1319 1659 2143 1718 Hallándose delicada de salud, nuestra querida
1241 1704 2140 1766 amiga Cenovena, se ha trasiadado a Barranquitas,
1247 1749 2074 1808 al pintoresco pueblo de deliciosa temperatura.
1247 1797 1728 1850 Señora Arias de belvado.
1319 1844 2143 1903 Ha recibido nuestra distinguida amiga Emilia,
1247 1889 2143 1945 una hermosa nina que el pestino le ha regalado
1247 1934 2101 1993 para llenar de encantos su hogar que sea feliz.
1247 1979 1889 2035 Sociedad Prolectora de Mendigos.
1313 2026 2137 2088 Esa filantropica sociedad de San Juan, ha
1241 2071 2140 2130 nombrado nueva directiva en la que figuran entre
1236 2113 2134 2172 otras valiosas, nuestras amigas stras amparo per¬
1244 2161 2128 2217 nandez. Angelita C. de Mro, y la espiritual infan¬
1244 2203 2128 2268 te de Ribbor siempre la mujer cariativa y dulce.
1244 2247 1671 2306 consolando al desvalido.
1250 2292 1695 2351 V aliosas publicaciones.
1310 2346 2128 2405 Nos han visitado. Revista Feminina, de San
1236 2388 2128 2450 Pablo Brasil Retención, de Valencia Espena; y
1241 2432 2128 2491 La Francaise de Paris. Todas son redactadas por¬
1236 2477 1388 2527 mujeres.
1301 2522 2125 2581 La Ola Femenina, avanza á través del mun¬
1236 2564 1403 2620 do.
1241 2612 1400 2662 Wison.
1304 2662 2119 2718 Se viene para Anérica nuestro noble Pre¬
1230 2704 2122 2763 sidente convencido quizás de que esa Europa ba¬
1236 2749 2119 2814 talladora no hay quien la arregie Ala ellos.
1238 2800 1779 2853 América para los americanos.
1633 2859 2104 2918 Maraanita del rado.
1050 3092 1442 3145 Ayuntamiento de Madrid
