2479 3508
698 513 1465 563 PUMALOS
931 387 1400 443 HERALDO DE LA MUJER.
307 593 1092 643 Si a la mujer derecho le dan dice un Señor.
238 632 1095 688 cuyo nombre ignoramos gracias á Dios, para
241 674 1089 730 prar mi saludo le negare al que Dios y sí
235 716 1095 775 parada la ven en el tren lo que es mi siento no le
238 761 1095 817 dare que le ne de daria y el veo que un ruran la
235 802 1101 858 altrata delante de mi me rere de la gracia, como
232 847 1092 900 que hay pos, y si un malvado la roba o le pera
235 889 1089 948 le quiere ron, si senor, aunque esta sea mi ma¬
232 931 1098 987 de o hermana, ye se acabo para la mujer con de¬
238 979 773 1032 rechos humanos, toda atención.
307 1014 1095 1070 preriero ser vo un rurión de bajo ralea, peor¬
232 1059 1089 1115 que un leon pues a veces el rey de las selvas no
232 1107 1089 1157 pera mostro, y yo no puedo ser noble ni atento y
232 1143 1089 1199 cortes con ese ser abuesto que llaman mujer y que
232 1185 1095 1246 pretende igualarene que la ten a mi al hon¬
235 1229 1092 1285 PRE, quien nadie en el mundo supera. Cuando
232 1274 1095 1327 mulos se arrastro que el SEn ABRECTO que
232 1322 456 1375 le dia el ser
304 1361 1083 1417 Si será humano ese tíol Si tendra aún la
229 1402 1083 1458 sangre del chango metida en la piel.
226 1447 1083 1500 pien más atras en la especie la del chimpance.
298 1531 1083 1590 ¿Qué pasará? Habrá amagos de tempestad?
229 1573 1092 1629 Los somarinos vienen aca, dan un vistago y a la
232 1617 1083 1670 Culebra de van de paso parece estos mares estan
232 1656 1361 1712 astadiando que pasara gera un desemparco pestir de lato.
229 1704 1086 1757 de moraltos amarintos de esos que están ha¬
232 1749 1077 1799 ciendo mueras y pirpetas a nuestro sana 10 a¬
235 1788 1083 1844 menada aquestraisita una intentona bolenevici¬
232 1832 304 1885 la
307 1874 1092 1927 O simplemente los pajarracos del mar artero
232 1919 1086 1975 vienen buscando los tinios ravos de un sol de fuego.
304 1961 692 2017 ra ven sera o no sera.
304 2009 1009 2059 Esta lo que fuere ya sonaral
304 2089 1089 2145 Con el Cine por maestro, los titeres y titireras
235 2134 1092 2187 tan aprendido los tanos, a robar. carteras.
301 2176 1089 2232 Nueva adastra lugratina nos resulta á la
226 2218 1086 2274 verdad, la de arteristos y cariteristas de la encan¬
226 2262 447 2312 tada ciudad.
301 2310 1092 2360 ¿Quién le tose en este punto á la bellísima San
226 2349 516 2402 Juan.
298 2435 1080 2488 ¡Nos quedaremos tal vez como el gallo de Mo¬
220 2477 922 2536 ron acareando y sin plumas.
286 2522 1080 2575 Nos quitarán de una ven la ensenanza superior,
307 2564 1089 2620 Cosas habia que ver que muestra Legislatura
226 2606 1086 2662 volviera a los viejos tiempos de Adano de petea¬
229 2650 1074 2706 pesos quereis aún mas cerca, al siglo de¬
238 2689 450 2745 imo petavo.
289 2740 1092 2796 ¡Se necesita tupe para hacer ese PLANCHADO.
1197 575 1994 637 Tenga la Legislatura por decontado, que una
1131 629 1594 688 polonarina no hace perano.
1203 659 1994 724 que la mujer riquena siempre ha mostrado
1134 707 1991 766 ser progresista siempre aspirando, a lo elevado,
1128 749 1985 811 lo más alto á aquello que ennoblece a los huma¬
1128 790 1988 852 nos. En ciencias y artes en conocimientos, siem¬
1137 838 1988 897 pre la aspirado llegar a la meta de lo alcanzado.
1131 880 1848 945 por el hombre en la fera en esos ramos.
1173 922 1988 981 Marenar para qurás AMAS No, ni pensario.
1125 964 1988 1023 a los tiempos de gallos y de galleras, y de hora:
1128 1011 1985 1067 nos andando por donde quiera nada, que nada,
1128 1047 1976 1112 muerra al arroso, marenar adelante siempre ade¬
1134 1092 1982 1151 tante escalar las cumbres con valenta y buscar
1128 1134 1982 1193 en los templos de la luz brilla, el alimento precio¬
1131 1176 1976 1235 so el pan de vida que nutre las almas con inmor¬
1128 1220 1985 1279 tales esencias cuas semillas, regadas luego en
1128 1259 1976 1321 erries campos proporcionan al pueblo, todo el
1131 1310 1788 1366 bienestar hermoso que de el progreso,
1194 1391 1985 1449 Cuando un templo se abre una vez para que
1125 1432 1979 1494 penetre la un de la vida NO DERE CERRAR.
1125 1486 1540 1539 SE AMAS.
1188 1519 1982 1578 El día que se cerrara una escuela de las exis¬
1125 1564 1982 1620 tentes en puerto Rico, excento las de ciencias po¬
1122 1608 1982 1664 mesticas que están demás, toda la islo deperio
1191 1689 1964 1748 Sería el principio de nuestra anulación. Mar
1125 1737 1985 1793 charíamos a pasos agigantados a convertinos en
1125 1782 1985 1832 una para de pescadores y una factoria de labriegos
1188 1829 1982 1879 Estara conrorne con eso esta llo de arte.
1119 1868 1695 1921 esta Tierra las.
1809 1907 1940 1960 Potas.
1134 2015 1976 2068 De Administracion.
1194 2098 1979 2148 Suplicamos a nuestros subscriptores tafortu¬
1122 2140 1985 2193 nadamente muy pocos que no han abonado el di¬
1122 2179 1985 2235 timo emestre de Alburo puertorioneno que ven¬
1119 2226 1988 2279 ó en Febrero, se sirvan quenario á la mujor pre¬
1125 2271 1976 2324 pedad, pues esta empresa ti ne gastos impresan¬
1122 2310 1985 2366 ines y confiando en la honorabilidad de personas
1122 2355 1985 2411 que siempre han gozado de buena repulación, les
1125 2400 1585 2450 hemos enviado los recibos.
1191 2438 1991 2497 Con este número también recibirán todos los
1116 2483 1985 2539 suscriptores los recibos del primer trimestre de
1128 2522 1910 2581 neralio de la Mujer, cuya abono esperamos.
1140 2636 1967 2688 Heraldo de la Mujer y Picturial Reviem¬
1191 2698 1985 2751 Si se toma la suscripción de estos dos periódi¬
1122 2743 1991 2799 cos UNIDOS, en esta Redacción costarán se,00
1119 2785 1704 2841 al año ambos. Pago adelantado.
1056 3045 1436 3095 Ayuntamiento de Madrid
