2479 3508
1253 2415 1871 2465 JOVENCIAS.
558 2418 1218 2468 TRAES PARA
528 2471 1862 2527 Tenemos una bonita colección de trajes blincos para jovencitas.
346 2528 1173 2578 1922 Sujestivo traje para juvenes, modelo de alta no¬
1283 2528 2107 2581 Lindo traje de organdiblanco en combinación con
292 2564 1182 2617 vela, en gramina bienes porada en eneno que se insa
1221 2564 2104 2620 plas de un estar las mas en usamente pues,
1224 2606 1752 2659 tiene los entras de mun encie¬
295 2603 1179 2653 en este erabado es la mas ente en las ruinas renciones
1277 2636 2095 2688 Esta ade esta obrecciona espesamente para gra¬
298 2638 1176 2688 de la mos remenina es la meno mas que en el rente
1221 2674 2107 2727 quación, cardes de la a la anos precio especial su du¬
295 2677 1155 2730 inal al modelos Edades de la is años precios q.
376 2776 2021 2832 Sombreros elegantes para señoras y niñas, sombrillas, citas, trnes de bale, alor, ele,
280 2850 1035 2903 DE ALEZ PADIN CO.
1692 2856 2107 2915 San Juan, P. R.
1065 3071 1430 3124 Ayuntamiento de Madrid
