2479 3508
1522 50 2269 172 Ariya General de la al¬
1716 143 2080 246 A
947 378 1731 446 ENINA
615 540 2012 611 REVISTA DE LITERATURA, CIENCIAS Y ARTES
892 599 1737 667 CONSAGRADA A LA MUJER.
955 704 1680 769 DIRECTORA ADMINISTRADORA:
841 758 1785 826 PETRONILA ANGELICA GOMEZ
1128 826 1486 882 Maestra Normal.
1143 931 1471 987 REDACTORES:
841 979 1773 1046 MARIA L. ANGELIS DE CANINO.
403 1032 2203 1112 PETRONILA A. GOMEZ, CONSUELO MONTALVO DE FRIAS.
310 1173 495 1241 año 1
904 1179 1683 1246 San Pedro de Macorís. Abril 30 de 1923
2024 1196 2301 1255 ros, 17 4 18
432 1367 2176 1458 Necesidad de llustración en la Mujer.
1021 1465 1582 1527 PAGINA DE LA DIRECTORA.
370 1656 1280 1718 De todos los errores que existían en
271 1704 1280 1772 pocas anteriores a ésta, y que la luz de la
268 1758 1274 1823 civilización ha ido extinguiendo en su
268 1812 1277 1876 avanzado proceso, hay uno cuya desapari¬
262 1865 1268 1930 ción ha proporcionado á la sociedad gran¬
265 1916 1158 1981 des beneficios morales e intelectuales.
373 1973 1265 2038 Nos referimos á la creencia que exis¬
265 2023 1277 2085 tía y que era mas bien una conveniencia
274 2083 1271 2142 para el hombre, de que la mujer no estaba¬
268 2131 1274 2196 físicamente organizada para recibir idénti¬
265 2182 791 2244 ca ilustración á aquel.
370 2241 1268 2300 Apovándose en un falso concepto ana¬
256 2289 1274 2348 tómico de que el cerebro de la mujer dife¬
262 2337 1268 2408 ría en organización al del hombre, ésto po¬
262 2397 1268 2459 mía vallas á la ilustración de aquella, ar¬
259 2453 1277 2512 guvendo además que su delicado organis¬
256 2501 1274 2566 mo corría peligro de debilitarse, al mismo
256 2552 1095 2617 tiempo que su criterio se oscurecía.
370 2609 1268 2671 En oposición á estas falsas apreciacio¬
256 2659 1283 2724 nes, vienen las célebres afirmaciones de
256 2716 1268 2778 Mdme Co: "La anatomía más perfecta
259 2770 1262 2832 no ha podido observar todavía ninguna di¬
259 2824 1271 2883 ferencia entre la cabeza del hombre y la
250 2874 1271 2936 de la mujer. Sus cerebros enteramente
250 2928 1268 2987 semejantes, reciben y reunen las impre¬
256 2979 1265 3044 siones de la misma manera y por órganos
256 3033 1262 3098 enteramente idénticos: luego, no hay nin¬
253 3089 1277 3148 guna diferencia moral e intellectual entre
250 3143 1259 3199 la mujer y el hombre. Además, compro¬
250 3197 1259 3256 bado está, que la misma paciencia, sensibi¬
1480 1591 2260 1653 La Sociedad depende de las mujeres.—VOLTAIRE
1319 1665 2325 1733 lidad y perseverancia peculiar de su sexo,
1316 1722 2334 1784 la hacen más apta que el hombre para
1313 1773 2200 1832 aprender las ciencias experimentales
2224 1782 2331 1841 y de
1319 1826 1612 1879 observación.
1421 1880 2331 1942 Para confirmar evidentemente que la
1319 1931 2331 1993 mujer está perfectamente organizada para
1319 1985 2322 2047 ilustrarse en la escuela de la razón y del
1313 2038 2328 2097 sentimiento, basta considerar, que en todos
1319 2092 2322 2151 los tiempos y en todas las edadeshan exis¬
1322 2146 2325 2205 tido mujeres que han brotado como flores
1313 2197 2328 2259 de luz, descollando en las ciencias y en las
1316 2247 1453 2303 artes.
1421 2301 2325 2363 Como ejemplo podemos citar á Lola de
1322 2355 2313 2417 Cizne, que florecció en Roma cerca de ochen
1313 2409 2322 2471 ta años antes de Cristo, muy hábil para
1319 2459 2325 2521 hacer el retrato de sus amigas y ejecutó el
1313 2516 2325 2572 suvo frente á un espejo. Abella, napoli¬
1316 2564 2382 2626 tana nacida en Salermo floreció en el siglo 2
1328 2621 2379 2683 KIII. Fué célebre por sus conocimientos
1313 2671 2310 2733 en medicina, y dejó un tratado sobre la bi¬
1322 2728 2319 2787 lis negra. Agnodice, ateniense. En aten¬
1313 2779 2313 2844 ción á sus altos conocimientos en medicina,
1313 2833 2310 2894 los atenienses revocaron para ella la ley
1316 2889 2319 2942 que prohibía á las mujeres el ejercicio de
1316 2940 2313 2999 curar. Y otras, que como estrellas fulgu¬
1313 2991 2095 3047 raron en las tinieblas de su siglo.
1409 3045 2307 3100 La mujer de este siglo, convencida de
1313 3098 2304 3154 que el hecho de ilustrarse no es para ser
1313 3146 2313 3205 vir de mueble de adorno en el seno del ho¬
1827 3206 2277 3265 Continúa en la página 14.
