2479 3508
137 241 414 291 Fémina
116 411 1176 470 ¡ASTERES TU, MACORIS!
149 641 1080 694 Eres ta de Quisquena, la ciudad más hermosa.
107 695 1015 751 Manantial de riquezas y de ingente prooreso.
119 749 1047 805 Y el sol de nuestra Zona imprimió, con su beso
110 805 1018 858 en tu fecundo vientre, el sello de industriosa.
155 922 1059 972 El caudaloso Higuamo, que tus riberas baña.
107 976 940 1026 lo copian en sus ojos tus divinas mujeres,
107 1023 1015 1085 y son ellas muy dulces, dulces, porque tu eres
119 1083 976 1136 la que fecunda el polen de la sabrosa caña.
155 1193 1032 1249 En esta amarga hora, fué ta nacionalismo
107 1250 1131 1303 el que encendió la hoguera del muerto patriotismo,
116 1304 961 1360 con tu viril protesta, con alma iluminada:
149 1417 1068 1476 y aveces, te he señado, cual la figura inerme
116 1471 1110 1524 de Duarte, el que lucha; no Duarte el que duerme
113 1528 1009 1581 el sueño de la gloria, en la Ciudad Primada.
582 1638 1152 1691 MANUEL ALFARO REYES.
161 1755 280 1808 1916.
1444 1725 2003 1778 SR. DN. M. ALFARO REYES.
462 2020 818 2070 VENDETA.
229 2113 1155 2172 Y mientras yo, con asombro le escu¬
119 2170 1155 2226 chaba, Beppo, aquel poeta corso mal¬
128 2229 1065 2282 aclimatado en nuestro país, proseguía:
280 2277 1155 2333 Así transformado, e impregnadas
119 2331 1155 2390 las potentes garras y el corvo pico en el
125 2391 1143 2444 veneno de mis rencores, hendí los aires y
137 2444 653 2497 penetré en su alcoba.
238 2495 1155 2554 Ella dormía. Sobre la almohada esfu¬
125 2552 1158 2608 mábase en ondas su cabellera, su lujuriosa
128 2606 1152 2662 cabellera que tantas veces el céfiro me ha¬
128 2656 1158 2712 bía usurpado. Los entornados párpados
134 2710 1155 2775 parecían pétalos de rosa acariciados por¬
125 2767 1161 2820 dos mariposas negras, sus pestañas. En
131 2821 1164 2877 su boca pequeña revoloteaba la triunfante
125 2871 1158 2930 de siempre, maldita sonrisa, que la deses¬
137 2934 1012 2990 peración me había enseñado á odiar.
1197 1946 2236 2005 Mis potentes garras de condor se habían
1203 1997 2236 2059 hundido en su seno, y la sangre fluía, ca¬
1206 2056 2239 2109 liente y á borbotones, pintando de rojo su¬
1203 2107 2233 2166 crujiente almohada de seda, las blancas
1209 2161 2239 2217 vestiduras del lecho y el lleve cortinaje de
1206 2224 2236 2279 gasa. Después corrió por la alfombra,
1209 2271 2239 2330 inundo la alcoba, rebosó y volvió á subir
1203 2325 2239 2381 alegremente, alegremente como el agua de
1206 2373 2242 2435 una fuente rumorosa Al fin, vencidos por
1200 2432 2245 2488 aquella marejada de sangre, los muebles
1209 2492 2242 2545 flotaron como mástiles de una embarcación
1206 2546 2239 2602 deshecha por las olas. Y flotó el lecho; y
1209 2594 2239 2653 sin abandonar mi presa, agité las alas so¬
1212 2653 2242 2706 bre el oleaje y me bañé en sus hondas de
1215 2704 2233 2769 púrpura, perfumadas y tibias. La embria¬
1209 2761 2248 2823 guez de este supremo goce me produjo el
1215 2821 2024 2874 vértigo y rodé sobre el lecho....
1680 2937 1779 2990 K
256 1958 1024 2008 QUISQUEYANAS.
238 3095 1170 3151 Murrió rápidamente, sin tiempo
125 3149 1164 3202 casi para dirigirme la última mirada; una
125 3203 1152 3256 mirada triste, dulcísima, que á mí me pa¬
131 3262 1161 3312 recció llena de amor postumo e imposible.
1370 3039 2227 3089 Y cuando despertastes. Beppo?
1361 3086 2251 3142 Pensé que si tan hermosos sueños
1206 3143 2068 3199 se realizasen, valdría la pena vivir!
1821 3251 2191 3304 FARIO FIALLO.
