2479 3508
656 340 779 390 4
812 429 1910 503 ENOPALO
295 1164 1304 1235 tinadora del eter que me teje arabescos con
292 1220 1298 1285 los pies mientras danza, i me llena el am¬
301 1274 1295 1336 biente con el perfume de sus gasas de ata¬
295 1319 1301 1390 vío? Quien el mago que me trae las rosas
292 1379 1289 1444 blancas de las florestas ignoradas de la ilu¬
292 1429 1304 1494 sión, la rima mística de la poesía infinita i
295 1483 686 1536 el cuento ignoto?
400 1537 1298 1602 Por qué vienen á mi esos momentos
292 1588 1301 1653 de dulzuras infinitas como efluvios cados de
295 1644 1298 1706 lo alto, semejante á una lluvia de florecillas
295 1695 1295 1757 blancas i perfumadas que se escapasen de
298 1749 1298 1808 la copa de un cedro corpulento, i me parece
292 1800 1292 1864 que las horas no vierten tan lentamente sus
295 1853 955 1912 anforas de acíbar ante mi?
1003 1862 1283 1918 Es que hay
292 1904 1286 1972 una salida de sol para el espíritu en sombra,
292 1958 1289 2023 como la hai para la tierra sombría también?
295 2012 1295 2073 Oes esto la caricia de un sol pálido después
292 2062 1298 2130 de un día de lluvia, que sale para ocultarse
286 2116 1298 2178 de nuevo? Ono se si es que mi espíritu es
286 2170 1292 2232 como esas mariposas nocturnas, que saben
295 2226 1280 2285 buscar mieles en los cálices de las rosas exá¬
286 2277 1292 2339 nimes que cubren el sudario de una novia
286 2328 483 2381 muerta?
394 2382 1289 2444 Dime, ser infinito de grandeza i de po¬
286 2432 1295 2494 der, que le diste á las plantas un capullo co¬
286 2489 1298 2548 mo lecho donde celebrar sus amores, i que
286 2540 1298 2599 hicistes á los vientos el Mercurio de esas
286 2594 1277 2653 mismas flores que en el susurro de los céfi¬
280 2644 1295 2706 ros en el ramage i en el murmullo de las
289 2701 1286 2757 aguas que corren para nivelarse, i en los rui¬
280 2752 1295 2814 dos y quejas mil de la Naturaleza enseñaste
289 2803 1295 2865 al ruiseñor á buscar las notas con las que
280 2856 1283 2918 compone sus arpegios, i de los cuales tu so¬
286 2907 1286 2969 lo el conocen el secreto de las melodías:
280 2964 1292 3020 que le diste al hombre un corazón para sen¬
289 3015 1292 3074 tirte un cerebro para comprenderte; i en
280 3071 1295 3130 alma una fuente para fertilizarla á la cual
280 3122 1298 3181 surte el dolor, unos ojos despenadores de
340 3178 1298 3235 a fuente interna que desborda el mismo
1346 1020 1474 1076 dolor
1510 1023 2361 1085 si has hecho caer en el fondo del al¬
1343 1077 2343 1139 ma de los hombres esas capas de negrura
1343 1134 2346 1193 para extraer después de cristalizadas una
1358 1179 2358 1246 gema, como de las negras capas de carbón
1343 1229 2349 1297 extraes otra gema? Si la borrasca es una
1343 1286 2352 1348 consecuencia de la vida misma, i si es justo
1343 1340 2334 1402 que el turbión arranque los nidos suspendi¬
1343 1391 2349 1452 dos en las ramas, los capullos en flor, los
1340 1444 2337 1506 frutos sin zasón, i arrastre las hovadas blan¬
1340 1498 2352 1560 cas de los cisnes que duermen empolladas
1343 1549 2346 1611 en los juncos que pueblan las riberas de los
1343 1600 2337 1664 torrentes? Si es que el sueño debe huir ba¬
1343 1662 2346 1718 jo el tropel de la idea como una bandada de
1346 1710 2346 1772 nubes bajo los caballos del sol? I si el ideal
1349 1758 2337 1823 es el verlo, no encarnara él la vida en el al¬
1340 1814 2352 1873 ma de los hombres, como la encarna el sol
1346 1868 1668 1921 para la tierra?
1459 1922 2337 1981 Oh dime en fin, tú, autor de la armo¬
1337 1970 2343 2032 nía, que llevas por células de tus tejidos las
1337 2020 2334 2085 esferas; por espacios intercelulares los espa¬
1337 2074 2343 2133 cios interplanetarios, y por centros termose¬
1340 2125 2337 2190 nos los soles, por microorganismos produc¬
1337 2179 2343 2244 tores de lipazas y cimazas reguladoras del
1340 2235 2343 2294 metabolismo y anabolisme de tu cuerpo á
1331 2286 1599 2338 los hombres
1683 2289 2343 2348 Dime si cohesión, afinidadi
1343 2346 2343 2399 gravitación no son estabilidad, armonía in¬
1331 2391 1513 2444 amor
1543 2391 2334 2453 Si el hombre no comprenderá nun¬
1337 2444 2337 2503 ca esa triada de tu cuerpo que es su mismo
1340 2498 1519 2548 cuerpo?
1442 2549 2340 2608 Si el amor universal es don de un solo
1331 2603 2337 2662 núcleo, isi ese núcleo ha de quedar vagan¬
1340 2656 2343 2715 do como un trino errante en el misterio de
1334 2707 2331 2763 una fronda sola? Si no se unirán en un be¬
1343 2758 2334 2820 so múltiple, infinito i dulce como el beso de
1334 2812 2343 2874 la luz, todos los hombres de la tierra? I si
1334 2868 2337 2924 no prenderá la chispa divina de ese amor
1337 2919 2337 2978 inmenso en su alma, para no extinguirse
1337 2970 2337 3029 nunca, ese como el fuego sagrado q. arde en
1337 3024 2337 3086 el altar de un templo único consagrado á un
1337 3077 1683 3133 solo Dios?
1609 3131 2286 3187 DR. EVANGELINA RODRIGUEZ.
979 540 1680 602 Para EL DOCTOR E. BETANCES.
1433 641 2269 709 Para el que todos los hombres son buenos,
1433 686 2263 748 pues sa alma es de un blanco luminico de
1430 734 1782 790 nacares y palos.
964 832 1403 885 Soledad — Dulzor
1468 835 1674 891 Misterio.
1725 3185 2230 3238 París. Enero 11 1923.
