2479 3508
128 226 403 279 Fémina
310 325 2024 405 La Mujer y su Importante Misión de Madre.
788 435 1552 497 Dedicado á la Sra. Consuelo M. de Frías.
217 605 1149 673 Después de leer el editorial de la im¬
104 659 1143 730 portante revista "Femina que trae vues¬
107 719 1155 784 tra simpática firma al pie, me he sentido
107 770 1143 840 tan hondamente emocionada que no he po¬
107 826 1158 891 dido menos que tomar la pluma para darle
107 886 1143 948 mi más sincera y humilde felicitación por
107 940 988 1005 su oportuno y bien pensado escrito.
214 987 1158 1058 Pues vo creo como Ud que perfeccio¬
101 1053 1143 1112 nando el hogar se perfecciona la familia y
107 1107 1152 1169 la sociedad. Mi humilde opinión es que
110 1155 1149 1223 las mujeres concientes de nuestro país de¬
116 1208 1149 1279 ben abrir una campaña en pro de esa cau¬
110 1268 1161 1330 sa que es la causa de la mujer, sobre todo
116 1328 1155 1387 en nuestro pais donde erradamente se ha
122 1376 1161 1447 pensado en ilustrarla demasiado, dejando
113 1444 414 1497 de educarla.
223 1489 1143 1551 La mujer Dominicana que por instin
119 1543 1158 1605 to natural es inclinada más al bien que al
116 1600 1155 1658 mal con un pequeño esfuerzo sería lo bas¬
122 1656 988 1718 tante para culminar ese gran ideal.
229 1704 1164 1769 La mujer alma del mundo por ser ma¬
113 1758 1164 1823 dre, tiene derecho á pedir lo que le perte¬
119 1817 1170 1879 nece si ella no es educada para esa gran
119 1868 1152 1933 responsabilidad casi divina de ser la direca
119 1925 1167 1987 tora de su hogar, de sus hijos y de toda su
116 1979 1167 2044 familia; quien es responsable de sus erro¬
235 2349 1179 2411 Restablecida ya del serio quebranto de
128 2403 1176 2468 salud que me impidió acercarme á su lecho
134 2456 1164 2521 de muerte á darle la eterna despedida, cum¬
140 2519 1176 2578 plo hoy el triste deber de dedicar algunas
131 2570 1185 2632 lineas á la memoria del bondadoso hermano
137 2636 534 2686 ido á destiempo.
250 2683 1179 2742 Se fué... dejando hondísima pena en
131 2737 1188 2793 el corazón de sus familiares y en de los que
140 2797 1050 2850 le trataron y conociernn sus bondades.
244 2844 1188 2906 Sin ambiciones, su vida fué un ejem¬
143 2910 615 2966 plo de conformidad.
247 2958 1173 3014 Empleado público por más de 20 años,
140 3012 1182 3071 se conformó con el humilde cargo de Algua¬
1334 593 2245 658 Si el hombre no recibe en el hogar,
1191 605 1304 658 res?
1194 647 2245 715 nido caliente para todos los amores, una
1194 704 2233 769 dirección sana, una prédica consciente, y
1194 752 2245 823 un ejemplo de virtud moralizadora desde
1194 811 2242 876 su cuna á quien culpar de sus defectos y
1197 868 1764 936 sus vicios en el futuro
1316 922 2254 984 Tenemos ejemplos de casi todos los
1197 976 2248 1040 hombres y también las mujeres que en el
1203 1029 2257 1094 mundo han sido grandes por sus glorias
1203 1083 2254 1151 que han tenido grandes madres, y no se
1209 1134 2257 1208 puede ser grande madre si no hay concien¬
1209 1191 2248 1261 cia de ello. Si Napoleón no hubiera teni¬
1200 1247 2248 1315 do por madre á Leticial y los Gracos por
1203 1301 2248 1369 madre á a Cornelia tal vez no hubieran si¬
1203 1370 1621 1426 do tan gloriosos!
1316 1411 2257 1479 En nuestro medio donde no todas las
1206 1468 2260 1536 mujeres pueden ilustrarse y casi ninguna
1203 1525 2254 1587 educarse debemos lucha hasta conseguir
1206 1579 2260 1647 de nuestros gobiernos la reforma de la
1206 1632 2269 1697 educación de la mujer, y así el feminismo
1212 1692 2266 1754 habrá triunfado y el hogar Dominicano en
1206 1752 1812 1811 ruina, se habrá salvado.
1313 1800 2263 1864 Alli donde la mujer es educada donde
1212 1853 2266 1921 tiene y ejerce sus sagrados derechos los
1212 1919 1761 1975 hombres son gigantes.
1415 1967 2221 2029 ELVIRA ESCOTTO VDA BERMUDEZ.
444 2137 1907 2202 A la Memoria de mi Hermano Tomas.
140 3071 1179 3121 cil que desempeñó por espacio de 16 años,
140 3119 1194 3175 y rehusando aceptar durante ese lapso de
131 3173 1185 3235 tiempo los ascensos y otros cargos públicos
137 3230 1176 3292 á que le considesaban acreedor por su hon¬
140 3286 1182 3351 radez, discrección y cumplimiento en el de¬
1224 2340 2083 2399 ber, que siempre tuvo como norma.
1334 2385 2266 2456 Se fué... humilde, silencioso, resigna¬
1224 2456 1797 2506 do como buen cristiano.
1331 2498 2277 2560 Con la tranquilidad de conciencia de
1227 2558 2280 2620 aquel que ha pasado por el mundo sin dejar
1224 2618 2266 2674 una queja ni un oprobio en ningún labio, y
1233 2671 2274 2733 con el pecho lleno de gratitud para los que,
1224 2725 2271 2787 en su lecho, le tendieron una mano amiga.
1340 2782 2283 2841 Duerme en paz, hermano mio, que tu¬
1233 2833 2289 2894 recuerdo y tus consejos vivirán siempre en
1224 2892 2280 2951 la memoria de esta hermana que siempre
1230 2952 1746 3008 supo oirte y quererte.
1337 2997 2283 3059 Duerme tranquilamente, y mientras de¬
1241 3059 2286 3115 posito sobre tu tumba las siempre vivas del
1233 3107 2283 3172 recuerdo, elevo mis oraciones porque disfru¬
1238 3170 2289 3223 tes de la eterna paz en el regazo Santo del
1236 3233 1403 3283 Señor.
1665 3280 2236 3330 PETRONILA A. GOMEZ.
