2479 3508
2060 247 2328 297 Fémina
540 340 2128 411 EL PINO Y EL POSTE DEL
958 381 1041 434 N
979 423 1698 482 TELEGRAFO.
301 838 734 891 píritu al verte tan¬
301 886 725 945 callado y solitario
298 940 737 996 en un recodo del
298 993 725 1055 camino, desnudo,
295 1044 725 1106 sin corteza siquie¬
295 1101 734 1157 ra que te libre de
292 1155 731 1211 las inclemencias
298 1205 564 1264 del tiempo.
394 1274 1307 1330 Qué papel desempeñas en la comedia
286 1319 1298 1384 de la vida humana, soportando tranqui¬
289 1373 1295 1438 lamente, sin un esto de altivez, esos alam¬
286 1426 1292 1491 bres que nada dicen? ¿Por qué te deshiciste
289 1480 1301 1542 de tus ramas, cuyas hojas fuéron siempre
286 1534 1301 1596 encanto de la Primavera? Por qué abando¬
286 1692 382 1745 do?
280 1958 1244 2023 restos de un altivo ejemplar de mi raza.
376 2068 758 2124 Y dijo el poste:
1349 581 2361 649 contribuvendo como has podido á la labor
1349 635 1659 691 del progreso.
1397 692 2364 757 Pero considero inútiles mi empeño y mis
1343 743 2358 805 razones; te estoy hablando en unos térmi¬
1343 796 2361 858 nos que tu no entiendes, lo que me llena aún
1343 847 2358 912 más de dolor; hablarte y que no me com¬
1349 910 2364 966 prendas, como si ambos nos expresaremos
1349 955 1904 1014 en distintas lenguas.
1397 1008 2367 1067 Más, que hacer? A lo menos hablo con¬
1349 1059 2340 1121 migo mismo. Idea.... Sabes lo que son i¬
1346 1116 2346 1181 deas Cuando te quepa iguel suerte que vo,
1349 1173 2349 1229 penetrarás el misterio del mundo del pensa¬
1343 1220 2349 1279 miento. Entonces, más feliz que en la li¬
1349 1271 2340 1336 bertad de la selva, te explicarás la razón por
1352 1325 2352 1390 que refiero este recodo del camino, á la vida
1337 1379 2340 1435 obscura y sedentaria de las montañas virge¬
1343 1429 1442 1482 nes.
1391 1483 2346 1548 Estos alambres que tú supones, cadenas
1337 1537 2349 1596 son hilos de luz que en todos sentidos ro¬
1337 1588 2343 1653 dean la tierra obrando el milagro de acortar
1343 1641 2346 1709 las distancias en una profusión de ideas.
1444 1698 2343 1763 Abandona la selva, engreido ignorante,
1349 1752 2349 1811 y ven á poner tu hombro bajo esta red, que
1337 1800 2343 1864 es prefereble mi condición de esclavo á la
1346 1856 2343 1918 despreciable libertad de que haces estúpido
1340 1907 1558 1966 alarde
283 1588 1292 1650 naste el bosque para preferir la humillante
289 1641 1286 1703 condición de esclavo á que te han condena¬
394 1749 1304 1808 Exánime y sin vida, porque ya por tus
280 1800 1289 1864 arterias no circula la savia que vigoriza y
289 1850 1295 1915 sostiene tu existencia, pareces más bien un
280 1904 1289 1966 cadáver encadenado por el cuello que los
397 2173 1286 2232 Yo tambien he sentido la más amarga
274 2224 1289 2285 tristeza al ver como se disipa tu vida en el
283 2280 1286 2339 corazón de la selva, en medio de la más
274 2331 1286 2393 despreciable ignorancia, vejetando todo el
274 2385 1274 2444 año como un lirico soñador, entre el mur¬
274 2438 1179 2500 mullo del arrovo y el canto de las aves.
382 2504 1289 2560 ¿Qué objeto tiene, pues, tu existencia?
283 2546 1286 2614 Vigoroso, fuerte, lleno de energías, en plena
277 2606 1283 2662 libertad del bosque, ningun recurso has po¬
274 2656 1206 2718 dido prestar al reclamo de la civilización
382 2713 1280 2772 El letargo de tu soledad y tu ignorancia.
268 2758 1286 2826 no te han permitido dilatar tu pensamiento
277 2818 1280 2880 más allá del estrecho horizonte qa alcanza la
274 2871 1274 2933 cima inamovible de tus más altas ramas...
379 2928 1283 2984 Precisa ser útil servir para algo. Si el
274 2979 1274 3038 hacha te derribara y tu cuerpo hecho peda¬
271 3030 1280 3092 zos fuera arrojado al horno de una caldera,
268 3086 1283 3145 lejos de lamentar tu suerte, yo celebraría tu¬
271 3137 1277 3199 destino, porque trasformado en energía y
265 3194 1277 3253 en fuerza, pagarías dignamente tu tributo,
1859 1964 2295 2023 FELIN M. PEREZ.
1474 2104 2251 2169 FELIK M. PEREZ S.
1662 2197 2074 2250 (De Siluelas Raras.)
1337 2268 2161 2327 Este Félix María que fué benedicino
1337 2325 2239 2387 y que no ignora nada del triste Canaan,
1337 2376 2286 2438 Que sabe como se hace multiplicar el vino.
1337 2430 2236 2494 Y sabe como se hace multiplicar el pan;
1334 2510 2385 2569 Que habla cual un San Pablo del misterio divino.
1334 2561 2260 2626 Y apostoliza como un moderno San Juan,
1340 2618 2394 2677 También se le ove á veces con verbo dulce y fino
1325 2668 2292 2730 Explicando las cosas más sabias del Coran.
1325 2749 2286 2811 Es una alma cempleja que jamás está sola.
1337 2797 2206 2859 Comulga con el viejo lgnacio de Lovola
1319 2853 2257 2918 Porque de saber tiene un misterioso afán.
1325 2931 2343 2990 Por eso en desconcierto tembloroso lo he visto
1328 2988 2313 3044 Mientras besa la imagen del triste Jesucristo.
1325 3039 2346 3098 Nutriéndose en la savia de un libro de Renan.
1859 3125 2376 3178 JOSE LUIS PEROZO.
1367 3200 1854 3253 Santo Domingo, 1919.
