2479 3508
618 334 694 393 A
776 343 2161 431 CANDE
253 731 1206 796 Era en el caserío de Polebo, situado á
143 787 1194 849 las orillas del río Guaní. Polebo estaba¬
143 838 1197 903 alegre; había una animación como nunca se
149 895 1182 960 había visto allí. Se celebraba el cumple¬
143 958 1185 1014 años de la hija única del Patriarca del lugar,
146 1008 1179 1064 del viejo Larey que había fundado el puebli¬
155 1065 1191 1124 llo y lo gobernaba hacía más de veinte años.
256 1113 1188 1175 La choza de Larey, dentro de su rusti¬
146 1170 1188 1229 cidad, estaba espléndida. Las paredes tos¬
152 1229 1191 1288 cas estaban forradas de pencas de guano y
152 1280 1197 1351 papeles de china de variados colores, pues¬
152 1333 1182 1396 tos de modo que imitaban animales salvajes
152 1394 1194 1452 y objetos diversos. Colgaban del techo fa¬
146 1447 1203 1506 rolitos de papel con velas que iluminaban
152 1507 1203 1557 ténuemente la sala; los taburetes lucían en
149 1561 1194 1614 sus espaldares cintas rojas y azules termina¬
158 1620 471 1670 das en moñas
262 1668 1203 1724 En un rincón; los músicos. Uno con
152 1722 1188 1781 una guitarra encintada, otro con una enor¬
155 1776 1197 1835 me botija, otro con un guiro rayado y el úl¬
158 1838 1191 1891 timo tocaba un cuero estirado sobre un ba¬
155 1895 244 1948 ril.
256 1940 1200 1999 La mayor animación reinaba; las mo¬
149 2000 1197 2053 zas bulleras con sus trajes pintarrajeados.
155 2056 1209 2106 Los mozos luciendo su mejor camisa y sus
155 2110 1206 2163 inmensos pañuelos rojos en el cuello, y más
161 2164 1200 2220 allá, sentada con una pierna montada sobre
164 2221 1194 2274 la otra, Caindé; la hija del viejo Larev.
155 2277 1203 2333 Dos largas trenzas le envolvían el pecho,
155 2331 1203 2384 cavendo suaves, cual dos vivoras de seda
161 2388 1212 2438 hasta, la parte anterior de la cintura. Su
164 2438 1209 2494 frente amplia y obscura, ceñida por un cin¬
161 2498 1209 2548 tillo dorado de oro y sus ojos de fuego, que
167 2555 1206 2608 emitan un soplo misterioso de magnetismo.
161 2606 1209 2659 Las miradas de los hombres se dirijan á
164 2665 1218 2715 ella involuntaríamente, pero de soslayo, con
161 2722 1203 2772 cierta timidez, ninguno la miraba de frente.
271 2773 1206 2832 Comenzó el baile. Los dedos tos¬
167 2824 1212 2883 cos del guitarrista se deslizaban rápidos so¬
161 2877 1203 2936 bre las cuerdas, entonando un aire atrope¬
167 2940 1218 2990 llado. El de la botija soplaba; el del gui o
167 2994 1218 3047 acompañaba y el del tambo se esforzaba
167 3048 1206 3109 por seguir el aire infumable que el guitarris¬
161 3101 1209 3157 ta dejaba oir. Las parejas alegres danzan¬
161 3161 1224 3211 do sin cesar, tropezaban á cada paso. La
164 3215 1218 3265 Reina de la fiesta; Caindé, no se movía de
164 3268 1212 3327 su asiento. Con sus ojazos magnéticos se¬
1024 546 1409 596 CUENTO-
1358 1552 2298 1608 Desde el comienzo de la fiesta se aisló
1244 1603 2298 1667 allí solitario no hablaba ni se sonreía, pare¬
1247 1656 2295 1718 cíá petrificado. Sólo se notaba que sus oji¬
1247 1722 2304 1775 llos pardos, inquietos, buscaban siempre a
1256 1779 1439 1829 Caindé.
1352 1823 2298 1885 La fiesta se prolongó hasta la madru¬
1256 1880 2298 1945 gada, cuando el Alba anunciaba el nuevo
1250 1937 2307 1993 día, el viejo Larey se levantó y lanzó la voz
1247 1997 2301 2050 de final. Como impulsados por una fuerza
1250 2050 2304 2106 uniforme, todo el mundo comenzó á desfilar
1259 2104 2307 2166 paulatinamente, despidiéndose del cacique
1259 2158 2301 2217 y su hermosa hija. Cuando la sala quedó
1253 2215 2298 2271 vacía, sólo un hombre permanecía inmóvil,
1256 2268 2301 2327 en un rincón, pero no dormía, velaba; era¬
1259 2325 2298 2384 Celarán. Caindé se estremecció, La pre¬
1253 2379 2289 2435 sencia singular de aquél hombre de aire mis¬
1256 2438 2304 2491 terioso le produjo un miedo profundo, im¬
1253 2489 2304 2542 comprensible para ella; temblaba, sin saber
1253 2552 1462 2608 por qué.
1367 2600 2295 2653 Celarán se paró rápidamente y ponien¬
1256 2653 2298 2712 do su mano huesuda sobre el hombro de La¬
1607 2707 2304 2760 Quiero hablar con Ud, á so¬
1253 2718 1576 2769 rey, dijole:
1253 2770 2134 2823 las. Hablemos, contestó Larev.
2179 2767 2307 2817 Y los
1253 2821 2313 2877 dos hombres salieron al portal. Caindé
1256 2880 2310 2936 quedó inmovil, un sudor abundante y frío la
1259 2934 2307 2987 envolvía.... La entrevista duró largo rato.
1259 2988 2316 3044 Celarán se despidió..... Ya asomaba por
1265 3045 2113 3098 Oriente el reflejo de oro del So!....
1367 3101 2301 3154 Al siguiente día por la tarde el viejo La¬
1253 3161 2310 3211 rey llamó á su hija al portal, y en voz baja,
1259 3212 2313 3265 como si temiera herir sus oidos, le dijo así;
1298 3265 2316 3318 Hija mía, ese hombre que me habló es
1776 629 2039 679 Para FEMINA.
1250 725 2292 787 guía á todos; de vez en vez se sonreía sua¬
1241 779 2289 837 vemente y montaba la pierna cansada sobre
1241 844 1430 894 la otra.
1349 892 2292 948 Dos o tres mozos probaron á sacarla
1244 946 2298 1011 para bailar. Pero fracasaron. Caindé se
1236 1005 1767 1058 negaba amablemente.
1352 1052 2280 1112 Mientras el bullicio interminable se
1238 1110 2292 1169 acrecentaba por momentos, al paso que lle¬
1247 1167 2298 1229 gaban otras parejas de las cercanías; en un
1241 1226 2295 1279 rincón de la adornada sala, en un taburete,
1244 1277 2286 1342 permanecía recostado un hombre obscuro,
1241 1334 2295 1390 de pelo largo, barba abundante, un enorme
1253 1385 2289 1449 pañuelo en la cintura amplia á modo de fa¬
1256 1441 2292 1503 ja, sostenía un gran puñal de cabo blanco.
1241 1501 1767 1557 Le llamaban Celarán.
