2479 3508
289 241 492 291 Página 7
238 337 1268 396 muy rico, tiene una mina en explotación, es
244 387 1259 449 viejo va, y se ha enamorado de tí y tú te
244 444 1259 506 has de casar con él tan pronto él legalize
247 498 1271 557 ciertos documentos necesarios y serás feliz
244 546 889 611 y harás feliz á tu padre....
352 605 1271 661 El anciano pronunció estas palabras en
247 656 1253 718 un tono extraño, automáticamente; no mira¬
247 710 1262 769 ba á la muchacha, tenía la mirada fija en el
248 763 1259 820 suelo; parece que tenía una idea aunque va¬
247 820 1262 876 ga de lo que significa vender un corazón in¬
247 874 1265 930 génuo, puro y libre. Pero el oro dominó su
244 919 1250 984 conciencia y pensaba que va le había pro¬
250 976 1262 1037 metido á Celarán, el rico minero, la mano
244 1029 495 1085 de su hija.
355 1083 1250 1142 Caindé quedó anonadada; parecía co¬
244 1134 1253 1199 mo si una corriente eléctrica hubiera sacudi¬
247 1188 1250 1249 do su cuerpo delicado, no se movió, ni con¬
244 1244 1262 1303 testó nada á su padre á quién obedecía
244 1295 450 1351 siempre.
358 1352 1265 1408 Pasaron algunos meses. La caba¬
241 1402 1271 1461 ña rústica del viejo Larey lucia otra vez su¬
253 1456 1274 1515 mejor luio. Las paredes adornadas; todo
247 1510 1253 1572 el salón iluminado con farolillos de colores.
244 1564 1268 1620 Los mismos músicos y las mismas gentes
238 1614 1277 1679 del día cumpleaños de Caludé....... Pero
238 1674 1262 1727 en este día sus manos finas no habían arre¬
247 1728 1271 1784 glado el salón Fueron las demas mozas
244 1776 1271 1838 de Polebo. Caindé estaba en una casa
250 1826 1256 1891 cercana en casa de la madrina de su boda.
352 1886 1250 1939 Allí la estaban ataviando. Había adel¬
250 1934 1274 1996 gazado mucho, sus ojos misteriosos habían
256 1994 1253 2050 perdido su brillo raro, estaban hundidos,
253 2044 1262 2103 grandes oieras circundaban el borde supe¬
244 2098 1256 2157 rior, su mirada era extraviada, indefinida,
355 2152 1253 2208 Había cuatro o cinco muchachas col¬
238 2206 1265 2262 gándole cintajos, peinándole sus cabellos
241 2259 1262 2315 abundantes y sedosos. Ella tranquila se
247 2313 1271 2369 dejaba hacer todo, como si nada de aquello
247 2367 555 2417 de molestara.
355 2421 1265 2474 ...En tanto en la cabaña el bullicio.
238 2468 1262 2527 crecía, los músicos entonaban ya, un són
247 2528 1262 2584 algo tristón, un tanto melancólico. Era un
247 2582 1262 2635 toque que siempre ejecutaban cuanda había
247 2633 1262 2688 boda. Esto era para recibir á la esposa
247 2689 1268 2739 que había de venir de casa de la madrina¬
238 2740 1065 2793 acompañada de su corte de damas.
355 2800 1262 2850 ...Pero la esperada esposa no llegó;
247 2847 1271 2900 lo que llegó fué la terrible noticia de que
244 2898 1262 2960 Caindé había desaparecido misteriosamente,
250 2949 686 3008 sin saberse de ella,
358 3000 1256 3062 El viejo Larey dió un salto salvaje y
244 3056 1265 3115 empuñando un puñal enorme salió arrebata¬
244 3113 1265 3163 do de la sala sin rumbo fijo, gritando; isi¬
247 3173 588 3223 ganme.......
352 3218 1262 3274 Celarán el primero, y todos los hom¬
2024 253 2283 306 Femina
1310 346 2313 408 bres y mujeres detrás de aquél hombre que
1307 402 2313 458 más semejaba un león herido. Se dirine¬
1304 450 2319 512 ron á la cabaña de la madrina. Allí todo era
1310 510 2328 566 llanto, desesperación. Nadie sabía como
1310 561 2313 623 había sido. Pidió permiso para ir al patio..
1313 617 2322 673 Al tardar mucho, salieron todas, no en¬
1310 668 1603 721 contrándola.
1421 725 2319 781 ... Pero nadie oyó un grito, nada....
1415 779 2319 829 ...Favorecidos por la luna de plata¬
1310 826 2319 885 que va asomaba, todos los hombres juraron
1310 880 2328 936 con el viejo Larey, errar toda la noche en
1310 933 2279 990 busca de la preciosa india desaparecida:
1313 987 1910 1043 reina, como la llamaban.
1424 1044 2319 1097 ...Y silenciosos, partieron en distin¬
1307 1089 1570 1148 tos grupos.
1421 1149 2322 1205 ...Después de vagar un gran rato,
1301 1193 2313 1255 cuando ya la luna ilumnaba de lleno todos
1307 1250 2316 1309 los rincones del inmenso campo, llegaron á
1307 1304 2319 1360 la orilla del río. Larey se detuvo lanzando
1313 1358 2322 1414 un terrible grito; sus ojillos cansados divisa¬
1307 1411 2319 1470 ron flotando en la otra orilla un cuerpo¬
1307 1465 1477 1515 blanco.
1415 1516 2322 1575 Los que le acompañaban se lanzaron al
1307 1573 2322 1629 río á persuadirse y vieron azorados que en
1304 1623 2316 1679 la corriente tranquila de las aguas, trabada
1322 1680 2322 1736 por una rama de la orilla, flotaba un cuerpo;
1319 1728 2313 1787 era Caínde, vestida con el traje de boda, pa¬
1307 1785 2325 1841 recía una virgen, tendida en aquellas telas
1313 1838 2319 1894 blancas. La luna permitía distinguir que
1319 1886 2304 1948 sus ojos estaban cerrados para siempre, pe¬
1316 1940 2325 1999 ro en sus obscuros y finos se veía vagando
1313 1997 1779 2053 una sonrisa trágica.
1364 2059 2319 2112 El corazón joven y libre no quiso doble¬
1371 2109 2319 2172 rse aceptando de un amor que no sentía;
1322 2164 2304 2220 y entre su adversión al sacrificio y el deso¬
1310 2221 2310 2274 bedecer á su padre, prefirió la muerte tran¬
1313 2274 2322 2327 quila y fué á buscarla allí, en las claras
1313 2325 2322 2381 aguas del río que tantas veces mojaron su¬
1316 2379 1639 2432 cuerpo divino.
1313 2444 2313 2497 ...Quiso hundirse, pero una poderosa
1313 2492 2313 2548 rama la detuvo al lanzarse y quedó flotan¬
1310 2546 2316 2605 do alli como esperando que la Luna hermo¬
1310 2591 2313 2659 sa autorizara a bajar á la tumba líquida....
1307 2653 2089 2712 .... Larey murrió de pesar......
1424 2722 2313 2772 Cuentan las gentes del lugar que
1307 2767 2307 2823 en las noches de Luna se vé vagar por aqué¬
1313 2821 2319 2877 lla orilla de río un hombre harapiento, apo¬
1313 2871 2316 2930 vado en un palo y dicen es Celarán, que
1307 2928 2319 2984 abandonó sus minas y su oro y loco, su¬
1307 2982 2319 3038 mente hueca no tiene más que una idea fija:
1313 3036 1695 3092 CAINDE
1725 3143 2266 3199 Edmundo Saint Denís.
1788 3224 2260 3277 San Cristobal. 1922.
