2479 3508
313 226 507 276 Página 2
1101 453 1501 512 CUENTO
2030 244 2298 297 Femina
450 358 2155 428 EL GAVILAN Y LA PALOMA
373 740 1262 805 Al gozar el primer aliento de vida y
262 790 1271 852 luz en el mundo de los humanos, su pobre
265 844 1271 903 madre exaló el último suspiro, dirigiéndo¬
268 895 1271 960 se al insondable desconocido del más allá
268 952 1265 1011 martirizada al presentir, que no podría sa¬
271 1002 1271 1064 borear ni un solo instante, del amor más
262 1056 1271 1115 noble, desinteresado y puro que sobre Na¬
259 1110 865 1169 tura existe: el de madre!
331 2167 1268 2232 Trigueña, de hermosos ojos azul oscuro,
256 2224 1262 2282 rasgados, tentadores en la dulzura y lan¬
259 2283 1250 2336 guidez que le caracterizaban; sus cabellos
262 2328 1259 2387 negros, ondulados y brillantes, tales:
256 2382 1259 2441 virutas de ébano acabadas de salir de ma¬
256 2432 1247 2503 nos del tallador su boca diminuta y
259 2486 1241 2545 roja. ¡Oh! cerezal que invitas á la emo¬
250 2540 1259 2602 cionante tentación! dulce y sabrosa de un
256 2597 1256 2650 prolongado beso. Más; nada de esto se¬
256 2638 1262 2706 ría tan encantador si no le acompañara la
256 2698 1247 2757 atractiva modestia, innata en ella. Es pul
253 2752 1253 2811 cra, pero tan sencilla y pura como la fuen¬
250 2803 1256 2865 te cristalina que al recorrer por el interior
262 2856 1256 2921 limpios parages, brotas entre peñascos,
253 2910 898 2972 límpida y tranparente!
253 2961 1262 3023 Tal es también el alma de Violeta, aun no
250 3018 1250 3074 han podido corromperla las funestas preo¬
247 3068 1244 3127 cupaciones mundanas del lujo y la apa¬
250 3122 1259 3181 riencia; siempre pronta al bien y en con¬
256 3182 853 3238 tra de la perversidad.
755 1199 997 1252 .
364 1292 1271 1354 Contaba ya la niña diez y siete prima¬
265 1346 1265 1411 veras: Violeta de Jesús era su gracia,
265 1405 1271 1461 puéstole, porque su madre fué ferviente
256 1450 1274 1515 admiradora de la humilde florecilla, y su
265 1507 1274 1569 padre quiso recordarla constantemente en
256 1558 662 1617 su adorada hija.
379 1611 1265 1673 Era su padre (Antonio de Jesús un
259 1662 1265 1724 honrado guarda bosques que cifraba toda
259 1713 1259 1778 la ilusión de su existencia en su noble
265 1770 1268 1832 compañera, y luego de haberla perdido,
256 1820 1265 1885 consagró todo su ser al cuido de su Violeta.
265 1871 1259 1939 Vereis ahora que bien le cuadraba el dul¬
265 1928 1253 1993 ce nombre que llevaba, copia fiel de la ima¬
259 1988 859 2041 gen de la madre muerta:
1415 853 2322 918 Ipor qué será que tales vírgenes, pa¬
1313 907 2322 972 lomas candorosas, casi siempre son perse¬
1319 970 2116 1023 guidas por el grosero gavilán?....
1424 1017 2328 1076 Leoncio Sandoval, un mozo (el único
1319 1068 2325 1127 que ella había tratado hasta entonces
1316 1119 2322 1181 brutal y áspero, hijo único de un hogar
1316 1170 2322 1235 donde sus padres daban satisfacción á sus
1313 1226 2325 1285 más leves caprichos, enamorose de la don¬
1316 1277 2325 1339 cella, y ella que jamás penso que pudiese
1313 1328 2325 1390 albergarse en las almas la maldad, deposi¬
1322 1385 2325 1444 tó su fé en él, abrió su pecho de par en
1331 1438 2325 1497 par al travieso Cupido, el cual ansiaba ya¬
1334 1489 2316 1551 benetrar por las blancas puertas de su jó¬
1322 1540 1653 1599 ven alma!....
1424 1597 2322 1655 Como era de esperar, tan pronto como
1313 1647 2316 1706 Leoncio vió logrado su capricho, no le sa¬
1322 1701 2328 1760 tisfacía ella, ¡Cómo había de ser? ¿Puede
1316 1752 2319 1811 acaso una persona que no sepa leer, cono¬
1316 1806 2318 1867 cer los méritos científicos ni literarios de
1313 1859 1767 1918 un buen libro?....
1322 1910 2307 1975 El la encontraba sosa, desabrida y fria, y
1313 1964 2316 2023 concluyó por olvidarla, retirándose del ho¬
1322 2020 2319 2076 gar, so pretexto de no encontrar el ideal
1319 2068 1692 2124 que buscaba (2)
1307 2253 1552 2309 Violeta?
1418 2307 2322 2369 Ella, no pudiendo olvidar en un dia
1307 2361 2316 2420 lo que fué encanto de su ser por años, se
1301 2415 2316 2474 apartó lejos del mundo, no creyó, en su
1316 2465 2310 2524 inocente angustia lo que su anciano padre,
1307 2519 1576 2572 la decía:
1615 2522 2310 2578 Los pesares y la sed de amor
1310 2573 2310 2635 de las almas, las nostalgias causadas por
1307 2624 2307 2686 los desengaños en las mismas, se curan
1307 2677 2313 2739 luego con un amor superior al malhadado
1310 2734 1916 2787 que trató de engañarlas.
1409 2785 2316 2847 Ella nunca lo creyó, y se refugió en un
1304 2839 2298 2900 claustro, donde pudo al amparo de Dios.
1295 2889 2301 2948 olvidar el infame que arrebató la tranqui
1304 2946 2304 2999 lidad y fé á su alma, ofrendando en recom¬
1307 3006 2304 3056 pensa al Consolador, su cuerpo, ser y vida
1310 3059 2027 3112 por toda una eternidad.....
1555 3182 2257 3238 C. ENRIQUETA M. DE CRUZADO.
