2479 3508
594 319 1851 378 ON GRAN LEGADO.
791 438 1633 497 El amor purifica los corazones fortifica y enoblece
788 465 1636 524 el carater an más altos motivos y más nobles des¬
797 498 1639 551 los a acción de la vida, y ha de tanto al hombre
791 522 1576 584 como la mujer más quertes nobles y enerosos
244 632 1188 685 Los abajo firmados, gozando de sus fa¬
131 680 1185 739 cultades mentales y sanos de cuerpo, tes¬
137 737 1179 796 tan y legan á favor de Vds, tres alegres y
134 793 1188 849 fuertes hijos, la memoria de los años de
137 847 1188 909 feliz compañía, y la herencia de un amor
140 910 898 963 que nunca perdió su santidad.
247 964 1194 1020 Les suplican recordar que cuando Vds.
131 1011 1185 1073 á su vez, emprendan el interesante y algu¬
131 1077 1191 1130 nas veces excitante Viaje del Matrimonio,
131 1131 1200 1184 deberán tomar por guia la Estrella Polar
131 1182 1188 1238 del Amor para que oriente vuestra peque¬
140 1238 1203 1294 ña Nave del Matrimonio Sin contar con
140 1298 1197 1351 la Estrella del Amor, vuestro viaje será
140 1352 1191 1408 obscuro y cansado y las aguas sobre las
140 1405 1122 1464 que navegareis serán negras y amargas.
250 1465 1197 1515 El buque en que Vds se embarquen
137 1513 1206 1572 deberá ser tan hondo como el Océano, bas¬
140 1570 1191 1626 tante grande para contener todo un mun¬
140 1632 1191 1685 do en sí, y al mismo tiempo tan pequeño,
143 1683 1194 1742 que no haya sitio para nada que no sea
146 1734 1200 1793 verdadero, y que todo brille con la Luz Di¬
149 1794 271 1850 vina.
259 1847 1203 1903 El amor deberá ser la Estrella que lo
140 1907 1197 1966 guie, o el barco irá a parar á las rocas,
143 1961 1194 2014 más la Brújula será también indispensa¬
143 2015 1203 2070 ble para ayudar á los viajeros. Si los dos
149 2074 1203 2127 que tienen que consultar la Brújula son
146 2125 1200 2181 distintos en temperamento, para dar dis¬
149 2182 1197 2232 tracción y variedad al Viaje, y sin embar¬
146 2241 1197 2300 go bastante iguales en ideales e intereses.
146 2298 671 2351 lo aseguro, será feliz.
259 2349 1203 2405 Los cuatro puntos de esta Brújula son:
155 2403 1191 2456 Compañerismo, Transigencia, Buen Hu¬
152 2459 1203 2512 mor y Armonía. Si se usan fielmente esos
155 2516 1203 2566 cuatro puntos de la Brújula, de acuerdo
149 2570 1200 2623 con la Estrella Polar del Amor, el viaje,
146 2627 1191 2680 será ameno y terminará felizmente, aun
146 2680 1197 2733 que tendrá que encontrar tormentas, nie¬
152 2740 844 2793 blas y canales desconocidos.
256 2791 1197 2847 Deseamos que recuerden, queridos he¬
143 2844 1200 2903 rederos, que los que les hablan no han go¬
149 2904 1203 2957 zado siempre de tiempos bonacibles, que la
152 2964 1209 3014 Nave fué combatida varias veces por los
152 3015 1209 3074 vientos de las Extrañas Circunstancias;
155 3071 1178 3122 muchas veces encontró hielos flotantes.
155 3131 1209 3181 tiempos tempestuosos, y que ha tenido á
149 3182 1209 3235 bordo varias veces personas con nececidad.
149 3239 1209 3292 de ayuda. Así pues, estos consejos son de
143 3295 815 3348 marineros experimentados.
1385 378 2224 434 POR LYDIA LION ROBERTS
1298 623 2298 676 Compañerismo es el primer punto de la
1241 671 2286 730 Brújula, este produce igualdad, adaptabi¬
1241 731 2292 787 lidad, fé y confianza, lo que significa; el
1238 784 2289 843 trabajar juntos dia por dia, compartiendo
1250 838 2301 897 los pesares y las alegrias, dividiendo las
1241 904 2301 954 responsabilidades y uniendo sus fuerzas,
1244 949 2292 1014 para enseñar el amor á los pequeños mari¬
1241 1011 1913 1067 neros que lleguen á bordo.
1352 1059 2301 1121 Transigencia es el segundo punto de
1241 1119 2295 1175 la Brújula, que es tambien necesario.
1250 1170 2298 1229 Nosotros antignos marineros, les asegura¬
1247 1229 2298 1288 mos que hemos transigido muy amenudo.
1241 1283 2304 1342 Hemos discutido muchas veces por uno o
1247 1340 2301 1396 varios objetos, y si cada uno de nosotros
1244 1397 2298 1452 no ha conseguido todo lo que deseaba, por
1247 1444 2298 1509 lo menos cada uno ha conseguido una par¬
1241 1501 2307 1563 te de lo que se discutía; Pero siempre evi¬
1250 1564 2295 1620 tamos las Negras Rocas de las Querellas y
1244 1623 1680 1676 del Amor Propio.
1295 1674 2304 1733 Buen Humor es el tercer punto, el cual
1250 1722 2307 1787 es un salvavidas. Muchas veces nos he¬
1250 1782 2307 1844 mos encontrado en el puente de nuestro
1247 1838 2301 1897 barco, preparados con las espadas cortan¬
1247 1895 2304 1951 tes de las palabras á batirnos con nuestras
1247 1955 2313 2011 lenguas. En ese instante decisivo, deberá
1247 2009 2310 2062 aparecer el Buen Humor parecido á un
1247 2062 2307 2115 salvavidas que se arroja al que se va a
1247 2119 2304 2172 hundir en el Negro Mar de la ra y de la
1256 2176 2301 2232 Terquedad. Un solo gesto de buen hu¬
1247 2226 2307 2285 mor, un pensamiento alegre, y los marine¬
1253 2283 2313 2339 ros salvados nuevamente, continuarán su¬
1253 2340 2307 2393 viaje. Cuando la Sombra de la Duda y de
1250 2403 2310 2456 la Niebla del Desaliento se presenten,
1247 2450 2313 2506 siempre recordad este tercer punto de la
1561 2510 2316 2560 sad rápidamente del Buen
1253 2513 1477 2566 Brújula.
1259 2564 2319 2620 Humor si la Nave del Matrimonio tratase
1259 2624 1558 2674 de volcarse.
1361 2677 2313 2733 Armonía es el cuarto punto, y es el
1259 2731 2313 2790 que se debe tener más presente. Cada¬
1256 2785 2313 2844 uno de nosotros hemos tratado siempre de
1247 2847 2313 2900 comprender el punto de vista del otro, y
1256 2898 2310 2954 que cada uno tenga la libertad que le co¬
1253 2958 2313 3011 rresponde sobre el puente. El Capitán
1259 3012 2304 3065 vuestro padre, ha sido paciente y compasi¬
1262 3065 2319 3121 vo con los caprichos femeninos. Ella tam¬
1256 3119 2322 3178 bién ha tratado de ser el camarada que to¬
1256 3179 2322 3235 do hombre desearía de compañero en el
1262 3233 2313 3286 viaje de la vida. En caso de desacuerdos
1256 3295 2319 3345 dolorosos o de aflicciones en la tripulación
