2479 3508
268 384 1274 449 Armonía les enseñará seguramente el rum¬
271 438 976 497 bo que deberá segnir el barco.
388 495 1286 554 Por consiguiente, y a causa de algu¬
271 543 1277 608 nos desequilibrados que han tratado de
271 590 1280 661 desacreditar el Viaje del Matrimonio, pre.
274 647 1265 712 tendiendo desconocer las cualidades mari¬
274 698 1274 766 neras de este Barco, nosotros, que hemos
280 752 1274 817 vialado en él, en dias de tormentas y en
274 805 1277 870 noches lluviosas y lóbregas, que hemos pa¬
262 853 1271 924 sado horas deliciosas en bahías rientes de
268 910 1265 984 sol, y años de paz en isias maravillosas y
268 961 1274 1032 encantadas, podemos decirles la verdad,
280 1017 1277 1079 que es que Vds pueden emprender el Via¬
268 1077 1274 1136 je sin temor, y hacer pasar á otros esa rica
274 1119 492 1175 herencia.
379 1176 1271 1238 Nada puede herir á aquellos que ver¬
265 1226 1274 1291 daderamente aman, y el que posee ese
271 1280 1274 1345 amor, aunque crea que alguna vez le falta
262 1331 1271 1396 algo, en realidad lo posee todo. La Nave
268 1382 1268 1449 del Matrimonio, guiada por la Estrella Po¬
268 1435 1265 1500 lar del Amor, ayudada por los cuatro pun¬
268 1486 1265 1557 tos de la Brújula, navegará serenamente,
268 1537 1274 1611 y al final encontrará su puerto despues
2030 256 2289 309 Fémina
268 331 2328 414 en la Nave del Matrimonio, el Punto de la del viaje más maravilloso que haya exis¬
1319 399 1755 452 tido en el mundo.
1436 450 2322 515 Nosotros, los abajo firmados, legamos
1313 504 2325 572 a Vds nuestros hijos, alegre y libremente,
1325 555 2319 620 todo ese amor y estos conocimientos, como
1322 611 2322 673 nuestro más precioso regalo y vuestra más
1322 665 1725 721 grande herencia.
1415 716 2316 778 Firmado y sellado con nuestros cora¬
1322 770 2319 829 zones y con nuestros labios, en estos mo¬
1319 820 2316 882 mentos en que nos encontramos con las
1319 874 2310 933 manos unidas, viendo nuestros hijos dor¬
1322 925 2322 984 midos, comodamente abrigados en sus ca¬
1322 982 2316 1035 mas y en salvo á bordo de nuestra Nave¬
1322 1029 2322 1091 del Matrimonio, recompensas benditas de
1319 1086 1665 1139 nuestro Viaje.
1474 1191 1716 1241 Firmados:
1630 1271 2269 1330 El Capitán, vuestro Padre.
1671 1325 2263 1384 El Piloto, vuestra Madre.
1361 1426 2280 1488 Traducido de THE FARM JOURNAL
1319 1513 2316 1569 para la Revista "FEMINA, por Rafael
1319 1558 1477 1614 Reyes.
316 235 540 288 Página 11
1080 1707 1513 1769 NOCTURNO.
782 1755 1636 1820 Fuera, la noche en veste de tragedia solloza
734 1797 1668 1864 como una enorme vida pegada a mis cristales.
785 1859 1056 1912 Mi cuarto.
743 1895 1558 1960 Por un bello milagro de la luz y del fuego
731 1943 1636 2008 ma cuarto es un grata de oro y demas raras:
734 1985 1665 2053 tiene un muso tan suave, tan kondo de tapices.
737 2032 1642 2094 y es tan vida y calida, tan dulce que me ereo
734 2074 1236 2136 entro de un CA.
785 2122 1722 2184 Mi lecho que está en blanco es blando u vaporoso
734 2161 1185 2226 como lor de inocencia,
737 2206 1161 2265 como espuma de vicio.
782 2265 1295 2327 Esta noche hace insomnio:
734 2310 1719 2372 la noches negras, neoras, que levan en la frente
734 2352 1110 2411 no os de sol
737 2397 1633 2459 En estas noches negras u claras no se duerme.
770 2456 1253 2512 Y do te amo Inierno!
737 2501 1131 2554 Yo te imaing pieio.
737 2540 1131 2602 yo te imaning kabio.
719 2582 1588 2647 con un divino querpo de mármol palpitante
731 2633 1836 2697 que arrastra como un manto recio el peso del Tiempo.
731 2674 1600 2736 Inierno, no te amo a son la Parimaver.
737 2713 1173 2775 No sonroso tus nienes.
731 2761 1152 2817 t porque todo sabes.
734 2815 1227 2868 yo porque todo sueño.
776 2865 1238 2918 ... Amémonos por eso!
728 2904 1224 2960 Sobre mi lecho en blando.
728 2952 1627 3014 tan blanco u vuporoso como for de inocencia.
731 2997 1158 3050 como espuma de picio.
728 3042 1307 3098 Invierno. Inierno. Invierno.
850 3083 1609 3145 nos en un ramo de rosas y de lirios
