2479 3508
179 175 450 228 Fémina
2033 169 2269 219 Página 12
310 423 417 485 N
304 480 417 542 A
976 573 1474 623 lanto de Abril.
459 767 973 817 No sé por qué mi destino
412 808 928 861 te nió en el largo camino
414 856 871 906 que atraresaha ma fel
406 904 916 954 Llevabas sobre la frente
409 946 937 1002 como un katue doliente,
420 999 919 1052 un delo de no se que
462 1071 1024 1121 Derramé, al verte aturdida
412 1116 904 1169 todo el dolor de mi rida
409 1161 865 1211 ti oida blango y me
412 1205 874 1258 maste IAS DO es
417 1244 877 1303 rid al somo triste
414 1298 892 1354 que a tu dido derame
462 1376 979 1426 Me hace falta tu palabra
420 1417 958 1470 compasiva, en la maabra
417 1462 761 1515 gong de mi fé.
412 1510 949 1560 a cuando evoco tu nombre
412 1558 970 1608 oro á pesar de ser hombre
412 1605 973 1658 ¡ mismo no se por que
1113 790 1764 843 Estrella temblorosa que vacilas
1074 850 1791 900 sobre el abrojo cruel de mi agonía,
1077 904 1818 960 no soné anoche que eran tus pupilas
1074 961 1776 1011 a las pupilas de la muerta mía!
1116 1062 1913 1112 Bien pueden ser los ojos de mi muerta,
1071 1119 1931 1178 porque en la sombra de mis sueños vagos,
1074 1173 1755 1223 vibra el ropaje de tu luz incierta
1077 1229 1839 1282 como en la noche de los Reyes Magos!
1125 1328 1776 1381 Estrellita lejana que columbras
1068 1388 1854 1438 la perpetua acritud de mi amargura,
1074 1441 1991 1500 ya comprendes por qué cuando me alumbras
1068 1501 1904 1554 hallo esta vida amarga menos dura....
597 1764 1618 1814 Hermano Amado Nervo; hoy se cumplen dos años
549 1809 1561 1859 en que la muerte impavida, con sa quadana quis
549 1859 1698 1912 grabó en mi alma el más grande laul de los desengaños,
561 1907 1501 1960 y un de aquella herida evo la cicatria.
603 2003 1695 2056 Hermano Amado Nerro yo no encuentro una puerta
555 2050 1325 2103 que nire bajo el crito de mi roto ideal
555 2095 1439 2154 y son un errabundo desde que la y muerta
552 2146 1564 2199 dejo tras mis pasos como un rastro fatal.
609 2244 1851 2300 No encuentro quien me quiera, no encuentro quien se apiade
552 2289 1415 2342 de la herida protera de mi viejo saudade
555 2343 1427 2396 por donde vá goteando la sangre de mi fé:
597 2444 1600 2500 y en el mar de tinieblas en que ha dos años bogo,
555 2486 1403 2539 con los ojos del alma al Arcano interrogo
558 2534 1621 2590 como siblasfemara: "Por qué, Señor, por qué....
638 2743 1053 2796 M. A. Pequero hijo.
1456 662 1970 715 FUE CASIUN SUENO.
