2479 3508
164 190 435 243 Fémina
459 671 835 721 PARA FEMINA.
238 767 1170 820 El Poeta está triste....; le he visto
134 820 1179 879 atravesar por la alameda silenciosa, como
140 874 1170 930 la sombra de un alma moribunda; los dar¬
125 937 1182 987 dos del Dolor le han puestro triste; vaga,
137 987 1176 1037 como un errante misterioso, por los paises
137 1038 1170 1097 melancólicos de los sueños imposibles; lle¬
131 1092 1173 1154 va, en su viaje de amarguras infinitas, to¬
134 1158 1140 1208 das las penas de las almas huérfanas....
238 1202 1170 1264 El Poeta está triste....; sus rosales.
125 1256 1179 1318 interiores están mustios; la primavera de
125 1313 1173 1369 sus cantos pasionales, se convierte en oto¬
137 1376 1176 1426 ño de lamentos: las Musas ya no le visitan,
131 1420 1170 1479 el sonoro madrigal, aprisionado en el líri¬
140 1483 1182 1536 co palacio de su númen, es un cantivo del
140 1537 1179 1593 dolor de lo imposible, porque el Poeta ama¬
140 1591 1173 1647 en silencio, porque foria caravanas de sue¬
134 1647 1170 1703 ños, bajo la fiebre torturante que empur¬
140 1704 1173 1766 pura la blancura de esas almas virginales.
134 1764 1179 1814 que se angustian en la espera, casi eterna.
134 1814 976 1867 de un amante que no llega!.....
250 1862 1179 1918 El Poeta está triste..: no es miste¬
140 1919 1185 1975 rio su tristeza; ama y sueña con la glo¬
143 1979 1176 2032 ria de un amor casi imposible, y su alma.
140 2032 1182 2085 cuando llega enfiebrecida, ante la imágen
137 2086 1191 2139 del amor que le lacera, a decir sus hondas
143 2143 1179 2196 cuitas, á cantarle sus querellas y a decirla
137 2197 1182 2256 sus anhelos, siente penas y en las penas,
143 2253 1000 2309 nacen ansias de tristezas solitarias.
253 2307 1182 2366 Pobrecito del Poeta!....: Alma tris.
143 2364 1185 2417 te, alma enferma por el crimen del amor
146 2418 1191 2471 en el silencio, que no sabe de alegrías; ni
146 2474 1191 2527 ha gozado de la gloria que dormita en la
146 2528 1188 2581 copa enrojecida de unos labios, ¿quién no
149 2585 1188 2638 siente tu tristeza, al mirarte cuando pasas,
146 2638 1197 2691 como imágen de la muerte, por la alameda
143 2695 1107 2751 silenciosa, favorita de tus penas.
1224 570 2274 634 gar, rompiendo por su propia iniciativa los
1221 620 2271 682 antiguos moldes que impedían el desarro¬
1218 683 2271 742 llo de su inteligencia, ha comprendido la
1218 737 2271 796 necesidad de ilustrarse, y se ilustra, para
1218 793 2269 849 desempeñar con mejor acierto y más efica¬
1227 847 2269 906 cia, su noble, difícil e importantísima mi¬
1227 910 1594 960 sión de Madre.
1328 958 2277 1014 Porque es innegable, que todos los
1227 1017 2277 1073 errores y preocupaciones que azotan á la
1227 1065 2269 1127 sociedad, nacen de cada individo; que ca¬
1227 1122 2266 1181 da individuo, en su hogar, recibió direc-
1224 1176 2274 1232 ción de una madre que cuando pequeño le
1224 1232 2280 1291 formó el carácter, sembrando en él, esas
1218 1292 2122 1345 impresiones que no se borran jamás.
1277 1340 2277 1402 Ahora bien; cual mujer llenará más efi¬
1224 1397 2188 1455 cazmente su delicada misión de madre?
1224 1456 2280 1512 La que por falta de ilustración encerrando
1224 1507 2280 1560 sus deberes en un estrecho círculo cree
1230 1567 2280 1623 cumplirlos, limitándose a conservarle al
1230 1620 2283 1676 niño vida física; o la que reconociendo la
1230 1674 2280 1733 amplitud de su ministerio se empeña en
1233 1734 1851 1790 darle al niño vida moral?
1334 1779 2280 1844 Incuestionablemente, la mujer ilustra¬
1233 1844 2277 1897 da ve ante sus ojos mundos más elevados,
1244 1889 2280 1951 y educará mejor cuando mayor sea el cau¬
1233 1955 2030 2011 dal de conocimientos que posea.
1337 2012 2283 2065 Dad pues á la mujer luz, mucha luz.
1238 2056 2274 2127 para que no sea la mujer pasiya y mecáni¬
1236 2116 2280 2175 ca de otra época, sino la mujer activa y de
1236 2176 2292 2226 voluntad propia, que con su ejemplo y sus
1241 2229 2289 2282 consejos sepa dirigir los sentimientos de
1233 2283 2280 2342 aquel niño, sentimientos que lo acompaña¬
1241 2337 2295 2396 rán hasta adulto y lo harán un elemento
1236 2394 2289 2453 útil o no perjudicial, y un ser moral que
1236 2447 2283 2509 sabrá responder á las exigencias de la so¬
1244 2510 1719 2563 ciedad civilizadora.
1442 2597 2101 2650 SOLUCION A LA CHARADA NO. S.
2042 2647 2260 2697 a Magnolia.
626 432 1176 482 A mis compañeras de arte,
719 474 1095 527 Srtos. Ana Josefa
689 564 1131 614 Castidad E. Ramtrez.
1247 313 2224 363 Necesidad de Ilustración
1504 396 1979 452 en la Mujer.
1462 471 2036 524 Continuación de la la. Página.
220 316 1080 372 El Poeta está triste....
701 2782 1086 2835 ZOIO A. ULLOA
522 2862 1143 2912 Bonao, Marzo 25 de 1923,
471 2976 883 3029 CHARADA NO. 9
417 3039 934 3092 De fábrica tres primera
370 3083 856 3133 en el barco prima dos
379 3131 883 3187 para bariz dos i prima
373 3176 865 3226 mi todo en la terrera,
379 3221 895 3277 muy sabroso con arroz.
1289 2707 1973 2757 Para admirar la claridad de dia
1238 2755 1922 2814 y las bellezas de gentil Natura.
1241 2797 1830 2853 asomó la loleta ciarto dia
1241 2847 1982 2900 su humilde faz riborizada y pura¬
1256 2892 1976 2948 sin frente amorosa, agradecida,
1247 2940 1958 2990 hacia Tatá volvió con gracias mil
1247 2988 2042 3038 porque pensaba que su buena amiga
1241 3027 1937 3083 la cuidaba del un al otro Abril.
1253 3077 2003 3130 Nunca penso Pileta que Magnolia
1241 3119 1862 3175 antara con fineza sin igual
1253 3167 2167 3220 las pobres rimas que en sus horas glorias
1247 3218 2170 3271 suelen su pecho en veres inspira......
