2479 3508
668 590 1597 655 Hoy es el dia que he dedicado para Femina,
674 635 1627 700 Con que alegría mi pensamiento feliz camina.
700 697 1824 769 Jo hay en los bosques tan bellas flores, ni tal verdura
677 746 1600 814 Oue disfrute como Femina de igual ventura.
695 820 1683 885 Porque es lo cierto; con tal revista tan ilustrada,
674 871 1704 930 No hay quien sienta en esta tierra, vida hastiada.
674 931 1531 999 A más de esto debo decirle á los lectores.
686 979 1728 1046 Que es que Femina tiene muy ilustres redactores.
680 1035 1549 1115 y reposan en sus páginas colaboraciones,
683 1098 1680 1160 Que dejan en la mente muy buenas impresiones.
680 1164 1456 1226 He estado levendo "El hada Cordura
674 1208 1522 1273 Que me ha sentido llena de feliz ventura.
677 1283 1603 1342 En ver que la princusa penetró los corazones
686 1321 1364 1384 salió ilesa de tantas desazones
677 1394 1692 1458 También he admirado Perfeccionando el hogar
671 1441 1633 1506 Esto es lo más verdadero que se puede hallar,
695 1506 1591 1572 de leido ultimamente En la orilla del mar
677 1561 1731 1620 ¡Que bien suena un escrito cuando lo saben trazar
674 1629 1710 1688 Oh, Femina! te saludo al par que á tus redactores
680 1677 1752 1736 Y que llegues a la cumbre a manifestar tus amores.
761 1743 1328 1805 Que son la ciencia y la lus,
752 1791 1262 1850 La simbatía y la virtud.
537 2131 2098 2223 a de at
238 2337 1262 2396 Album de la ceronación.—Hemos tenido noticias de
238 2376 1256 2441 que el hermoso libro que encierra la memoria de
247 2427 1250 2485 la magna festividad de la Coronación Canóni¬
238 2459 1253 2530 a de nuestra Señora de Alagracia, editado en
244 2513 1238 2575 la Caital bajo el título de Album de la Crona¬
241 2555 1259 2620 ción, no ha sido vendido mas que en una pequeña
247 2603 379 2662 parte.
280 2644 1250 2706 Los fervorosos de la milagrosa Vírgen no de
241 2692 1256 2751 ben dejar de proveerse de tan preciado tesoro.
238 2737 1256 2793 tanto por ayudar a la glesia Santa, cuanto por
244 2779 1265 2841 conservar un valioso recuerdo del magno festival
241 2827 444 2877 cristiano.
232 2907 1250 2969 Nuevos Canges.—Hemos recibido el Nuevo Diario,
235 2952 1253 3011 de la Capital, La Conquista, de Barahona La Lu¬
235 2997 1247 3056 cha de La Romana, y la Revista Técuica de Sani¬
232 3042 594 3098 dad de Santiago.
232 3125 1256 3181 Excusa. Debido al fuerte ataque gripal de que se
238 3167 1250 3226 encontraban atacadas a un mismo tiempo las da¬
232 3209 1244 3271 mas que integran el personal de Redacción de es
1304 2346 2313 2405 ta Revista; no fué posible preparar ésta para el
1304 2391 1710 2444 dia 15 de este es¬
1346 2435 2304 2491 Restablecidas va, y en interés de regularizar
1301 2477 2316 2536 las salidas resolimos sacar en una edición aumen
1301 2522 2307 2578 tada en páginas e ilustraciones, las correspon¬
1304 2570 2313 2626 dientes al mes de Abril, y que con el placer de
1298 2609 2307 2668 siempre ofrecemos á nuestros numero¬
1301 2656 2307 2715 sos suscritores y anunciantes de quienes espe¬
1304 2701 2030 2757 ramos nos excusen benévolamente.
1301 2785 2304 2838 Gracias del Alma.—La familia Gomez Brea, expresa
1301 2830 2307 2883 por medio de estas lineas su sentimiento de gra¬
1301 2871 2298 2927 titud para todas las personas que en distintas
1301 2913 2298 2972 formas le manifestaron su condolencia con moti¬
1301 2952 2307 3017 vo de la irreparable pérdida de su deudo Tomás
1304 3006 1788 3059 Gez Brea, el d.
1337 3050 1952 3106 Para todas, gracias del alma.
1295 3128 2304 3181 Refriendonos al interesante diálogo Indiana Borin¬
1304 3173 2301 3226 queña, del señor Gonzalo O. Neil que publicára¬
1301 3221 2310 3271 mos en nuestra edición anterior con un juicio de
871 364 1713 428 NOTAS AL VIENTO.
1421 477 1859 530 Dedicado á FEMINA.
1340 1892 1840 1963 HAYDE C. DE RIVERA.
