2479 3508
170 229 435 282 Fémina
128 313 1170 378 nuestra redactora de Canino, sentimos que se o¬
125 364 1167 419 mitiera significar que dicho dialogo fué recitado
128 408 1176 464 y muy bien aplaudido, en la velada Pro Machado
131 453 1167 515 celebrada recientemente por la escuela Indus¬
137 498 1173 563 trial de Señoritas, en el Teatro Colón, de esta
131 558 301 608 ciudad.
179 593 1167 649 Con gusto sacamos á luz este dato, en honor y
134 635 1182 700 preba de afecto al distinguido poeta patriota
134 692 361 745 borincano.
131 790 391 843 Lira del Silencio.
140 1011 1167 1070 reposa con el bardo en el Silencio de la Tumba¬
131 1107 1167 1169 Mejoria.— La señora Primitiva Z, de Paradas dig¬
131 1244 1167 1303 que la retuvo en cama. Lo que celebramos viva¬
137 1346 346 1396 cimiento.
137 1573 880 1629 quien por tal motiva le felicitamos.
137 1620 1167 1673 Nos regocijamos mucho de que ese nombramien¬
143 1806 874 1862 greso y bienestar para la Común.
140 2080 1170 2136 de Seguros El Sol de Canada Pué para noso¬
429 781 1173 840 Está circulando el bello libro, mano
131 826 1179 894 jo de inspiraciones del malogrado poeta Federico
128 874 1176 933 R. Bermudez, intitulado Lira del Silencio. Al
137 916 1179 978 leer esas sujestivas páginas lamentamos una vez
134 964 1176 1026 mas a ausencia eterna de la inspirada Lira que
134 1158 1173 1214 maesposa del Sr. Miguel Paradas ha entrado ya¬
131 1196 1173 1258 en el periodo de mejoria, del serio quebranto
140 1286 1173 1351 mente, deseándole un pronto y franco restable¬
131 1435 1182 1494 Atinado Nombramiento. El Gobierno Provinctonal ha
140 1483 1176 1539 nombado Sindico Municipal de esta Comun al¬
140 1528 1179 1587 prestigioso caballero Ledo. Julio Coiscou, a
140 1659 1173 1715 to haya recaido en un elemento de tan alto relie¬
137 1707 1188 1760 ya moral como don Julio, pues sabemos que Su¬
140 1752 1176 1811 actuación en el seno del Municipio será de pro¬
140 1901 1182 1960 Sr. Jesus Ma. Lago.—En días pasados estuvo de paso
140 1946 1182 1999 en esta Ciudad, hospedado en el gran Hotel Uni¬
146 1991 1179 2047 versal, el Sr. Jesus Ma. Lago laureado poeta,
140 2038 1179 2094 Puertorriqueño. Representante de la Compañia
146 2128 1179 2187 tros de grande honor la visita de tan alta perso¬
140 2179 319 2235 nalidad.
140 2277 1191 2330 Don M. Alfaro Reyes.— Acompañado de una hermosa
149 2319 1179 2378 producción de su pluma, tenemos el gusto de pu¬
155 2367 1182 2420 blicar en esta edición el fotograbado del Sr. M.
155 2412 1182 2465 Alfaro Reyes, quien haciendo de vez en cuando
149 2504 1182 2554 complere en rendirle culto al dios Apolo. Para¬
146 2552 1176 2605 nosotros, un comerciante poeta tiene mérito y
143 2597 352 2650 simpatia.
140 2785 1176 2838 capitaleño el pesta Miguel A. Guerrero R. dis¬
143 2833 1179 2883 tinguido colaborador de Fémina y quien se en
134 2877 1179 2930 cuentra en esta Ciudad en viaje de negocios. Gra¬
149 2928 943 2981 ta permanencia en ésta le deseamos.
152 2456 1185 2512 un paréntesis á sus ocupaciones comerciales, se¬
143 2692 1185 2748 Poeta Guerrero R.—Hemos tenido el placer de recibir
152 2740 1185 2793 la agradable visita de nuestro estimado amigo¬
146 3021 1191 3080 Ensayos Literarios. Acogemos con simpatia los que
152 3071 1194 3121 nos envien para su publicación la inteligente
161 3113 1185 3169 Sra. HaydéC de Rivera, lo mismo que el enia¬
1985 205 2227 264 Página 16
1218 307 2260 366 do por la Sta. Pura Puello, y que agradecemos
1221 361 1519 417 amablemente.
1224 396 2257 455 Son trabajitos q. merecen ser alentados por cuan
1221 444 2260 506 tos se interesen por la dignificación de la mujer
1221 486 2251 551 dominicana, Fémina que tiene como norma de
1221 531 2248 596 conducta acoger primero que nada las produccio¬
1218 581 2260 637 nes Femeninas, aunque sean humildes, puesto q.
1227 620 2263 688 bropende a estimular entre nosotras el cultivo
1221 668 2257 730 de la inteligencia y del estudio, mira con amor¬
1212 713 2263 772 el noble empeño de cuantas vienen á sus páginas
1218 767 2158 820 a dar testimonio de su vocación á las letras.
1218 862 2269 921 Doctora E. Rodriguez.— Desde París (Francial en donde
1221 901 2251 966 cursa especialidades en medicina, nuestra que¬
1218 946 2263 1011 rida compatriota y amiga la Srta, Dra. Evangali¬
1218 996 2263 1055 na Rodriguez, apartando un momento la vista de
1230 1041 2266 1103 sus libros, nos escribe y envía con atenta carta¬
1218 1083 2260 1148 la sugestiva página que perfuma las de este nú¬
1224 1143 1588 1193 mero de Fémina.
1262 1182 2266 1235 Gracias, recordada amiga, y que se repitan
1218 1232 1755 1282 esas gratas impresiones.
1218 1322 2269 1384 Esponsalicias.—Consignamos con regocijo la noticia,
1224 1364 2257 1432 de que la espiritual y simpática señorita Genive¬
1224 1414 2257 1479 ra Principe ha cedido su blanca mano al distin¬
1230 1462 2179 1527 guido caballero Arturo Alardo, de la Capital.
1265 1504 2269 1560 Felicitamos a la simpática Geni deseándole
1227 1555 2271 1617 que muy pronto florezcan sobre su frente los
1221 1605 1612 1661 sonados azahares.
1265 1641 2266 1703 También han hecho mutua promesa de amor
1224 1686 2257 1748 en esta ciudad, los estimados amigos Srta. An¬
1227 1731 2257 1799 gélica Richiez, culta y delicada, y el correcto jo¬
1224 1782 2263 1838 en Frank Feli teniente de la P. N. D a que¬
1230 1823 2260 1885 nes deseamos la pronta realización de sus ventu¬
1236 1883 1525 1936 rosos sueños.
1224 1973 2269 2032 Alegrias del hogar. La esposa del Sr. José Hernan¬
1230 2018 2269 2076 dez, activo empleado de la oficina de la Compañia
1233 2059 2263 2124 de Mieles Dominicana, ha obsequiado á su espo¬
1233 2107 2271 2169 so con un hermoso baby, que llevará el mismo.
1227 2161 1606 2217 nombre del papa.
1271 2200 2176 2262 Nuestra enhorabuena á los felices padres.
1230 2274 2274 2333 Renuncia revocable. El Sr. Don Eladio Sanchez ha
1236 2319 2277 2381 presentado renuncia irrevocable del cargo de
1233 2367 2277 2426 Secretario de Estado de Hacienda y Comercio,
1233 2415 1633 2474 que desempeñaba.
1265 2450 2266 2515 Lamentamos que el Gobierno pierda la coope¬
1230 2498 2277 2560 ración del Sr. Sanchez, pues conocemos que el
1230 2540 2274 2608 siempre ha sido elemento de incansable labor¬
1230 2594 2128 2656 para el progreso y bienestar de la Patria.
1230 2689 2266 2754 Triano de Cupido.—A impulso del más puro y acen¬
1230 2737 2277 2799 drado amor, unieron anoche sus destinos ante
1238 2785 2277 2847 Dios y la Lay en esta ciudad, la gentil y bella¬
1238 2827 2277 2886 Srta, Adela Bobea, hija mimada del Sr. Don Joa¬
1230 2874 2271 2930 quin M. Bobea, Redactor Corresponsal del Lis
1230 2916 2277 2984 tin Diario, y el muy correcto caballero Prosco¬
1233 2973 2274 3032 pio Mendoza Conitol genial artista del lapiz y
1241 3015 2197 3077 persona que disfruta de general estimación.
1277 3059 2283 3115 Dicha interminable deseamos á los nuevos
1236 3113 1501 3166 desposados.
