2479 3508
1558 316 1785 375 1920
1925 331 2125 384 Nº 30
534 740 1964 802 Heraldo de la Mujer
659 1092 883 1145 Año 3.
1633 1092 1892 1151 Núm. 30
776 1608 1770 1667 A LAS MUJERES PUERTORRIQUEÑAS
761 1761 1919 1823 Dentro de unos meses se reunirá la Legislatura, y debemos
638 1832 1919 1888 pedir por tercera vez se nos haga justicia, concediéndonos EL DERE¬
629 1892 1713 1951 CHO DEL SURAGIO, como seres pensantes que somos.
773 1961 1922 2020 Ya en nuestra Metropoli se ha aprobado la enmienda a la Cons¬
626 2023 1361 2085 titución concediendo el voto femenino.
767 2089 1916 2151 Puerto Rico es la única de las dependencias de los Estados Uni¬
626 2155 1913 2220 dos, en que la mujer carece del derecho del voto, y eso es ridículo y
626 2224 1922 2282 deprimente para nuestra isla, que puede, por su cultura, marchar al
629 2292 1886 2348 nivel de su Metropoli y de los demás pueblos civilizados del mundo.
883 2824 1680 2880 COMPAÑIA TIPOGRAFICA "EL COMPAS", CRISTO 6
1089 2868 1468 2921 San Juan, Puerto Rico
1059 3113 1456 3166 Ayuntamiento de Madrid
