2479 3508
680 758 1770 814 ILLINA
453 1029 1949 1085 DE INTERES PARA LA DELLOS LA
615 1223 1955 1279 Debido al gran éxito que hemos alcanzado con nuestra Pomada
441 1304 1952 1366 Cutánea FELITA en la curación de las pecas y manchas del cutis, han em¬
447 1397 1952 1458 pezado va a lanzarse al mercado muchas DITACIONES de nuestro pro¬
441 1486 1967 1542 ducto con nombres más o menos sugestivos; pero en beneficio de nuestra
459 1576 1958 1629 numerosa cientela nos apresramos a alrer ir e que no ante bajo nin
398 1662 1265 1724 gún concepto SITITTITOS de nuestra
591 1856 1761 1909 Pada LA
456 1985 1967 2047 pues de seguro no obtendrán el resultado satisfactorio que obtienen con la
447 2068 1970 2127 muestr. Muchas CREMAS CUTANEAS debido á los ingredientes que
453 2152 1961 2214 entran en su elaboración HACEN SALIR VELLOS en el cutis los cuales
450 2241 1698 2297 como es muy sabido afean notablemente el rostro femenino.
450 2403 1925 2465 Si su farmacéntico no tiene la Pomada "LELLIA
898 2498 1516 2551 Pidala directamente;
623 2773 1818 2826 UIA DEL PUE C.
773 2877 1639 2936 JUANA DIAZ, PTO RICO.
