2479 3508
358 545 2127 602 DICCIONARIO ENCICLOPEDICO HIPANO AMERICANO
486 1268 1531 1324 Es la obra más necesaria, imprescindible, en todos los
382 1313 1528 1366 hogares donde se habla la bella y sonora lengua castelana.
349 1355 1522 1414 Y más aún tratándose de los de Puerto Rico donde la culu¬
385 1405 1531 1458 ra de la mujer corre parejas con su belleza y alta distinción
349 1450 525 1518 social.
483 1543 1525 1596 En los momentosactuales en que el feminismo va abrién¬
343 1588 1531 1644 dose paso con el fin de llegar al puesto que por derecho le
352 1632 1534 1685 corresponde incón factor más importante, que una obra
388 1677 1525 1730 como el precionario Encielopedico, que pueda servina de
361 1725 1525 1793 portastandante para con una preparación adecuada, obtener
352 1761 946 1820 la consecución de sus ideales.
483 1865 1525 1918 Ningún consultor más apropiado, ningún confidente más
343 1901 1525 1960 útil ningún amigo y director más verdadero que este libro
352 1952 1522 2005 tan admirable. En sus 15 millones de palabras han encontra¬
355 1994 1522 2050 do cabida las explicaciones de todos los vocablos y modismos
344 2046 1525 2097 de nuestro doma. Y al encontrara también la mujer todas
340 2092 1519 2145 las afecciones de su alma desde la religión hasta las ciencias:
343 2137 1522 2193 desde el teatro de los primeros tiempos hasta el de la época
340 2182 1522 2235 actual; la música en todos sus detalles, la literatura y bellas
343 2224 492 2280 artes.
343 2230 364 2369 de
1791 1797 1931 1853 por
531 2385 1424 2438 Corte y Remita Hoy Mismo
1840 2418 2107 2480 CA
1642 2438 1746 2494 FORD
809 2465 1519 2524 Fecha...........
432 2510 1006 2563 THE GROLIER SOCIETY
782 2561 1403 2620 Apartado 1239. San Juan P. R.
435 2618 1436 2674 Estoy interesado en el Diccionario Enciclopédico Hispano Americano.
444 2662 1409 2718 sirvase enviarme gratos el oposculo deserprivo del mismo.
540 2722 1409 2778 Nombre......
537 2779 1421 2838 Profesión u ocupación.......
540 2839 1418 2897 Calle y número....
1035 3131 1456 3184 Ayuntamiento de Madrid
