2479 3508
330 574 2083 649 IIIIIIIII.
871 680 1537 745 Ml TIERRA PUERTORRIOUERA
537 683 632 739 S
1624 707 1859 763 S
346 814 1140 879 A LA COLONIA PUERTORRIOTENA DE LA
656 883 832 939 HABANA
456 1298 1035 1366 que luminado á mor de dos mores.
456 1346 982 1405 de dos cuiraciones una el un.
388 1429 1176 1497 Opinan algunos escritores que las Antillas son los
313 1480 1173 1539 precios de la alaguida y ma, más seromil, en
310 1519 919 1581 Nuestro encento que ella serención.
388 1564 1170 1629 Según dejaron consignado los autores antigros se¬
310 1605 1173 1676 nen entre ellos cielo a gran ala al pete de Alica.
310 1650 1083 1715 que cumbres muy bien pues, er las camina
382 1695 1167 1757 Las antinos estin muy alciadas del antigno con¬
313 1740 1176 1802 nente y por son los europeos no haban tenido moticias
313 1782 1167 1847 de la america dese empo inmemorial, como las tuvie¬
313 1826 620 1879 pon de la Aloria.
382 1877 1176 1942 Más verosímil parece que la cordillera de los Andes
313 1922 1170 1987 cures formando las antillos, al seguir el derrotero de
307 1964 1164 2029 las pocinas y quino si la cuena del Ma carile fue el
316 2012 1170 2073 pinos vale anuino cesto de nores y de frutos dada
313 2056 1173 2118 a posición tomogranca el cual mundose el ven al mismo
310 2095 1173 2160 Romo que la aunida, por un entuero solusion.
313 2143 1059 2202 me embio la pografin de parte de la Amerca.
385 2185 1173 2250 y me no las cumbres de la cordiera quedaron al
310 2226 1167 2291 desabierto formano las preciosas alas estas emeral¬
313 2277 874 2330 los de mar que lamamos antil¬
382 2316 1176 2381 Otra circunstancia hay para creer esta hipoteste po¬
310 2361 1170 2423 millo y es la senciana de nuestra mora con la de la
313 2412 862 2465 parte ententrional de Sua Amérita.
382 2450 1167 2512 Como quiera que sea, si algo hay primoroso en el
307 2495 826 2554 mundo son los tierras antianas.
385 2549 1173 2608 Nuestra Boriquén la más oriental de las grandes
313 2591 1167 2653 Antilas la más pequena y la de cima más nigno por¬
313 2636 1167 2697 bamarla de lleno la gran corriente superior de los altos.
313 2683 1173 2739 y no tener grandes altas que conserio la humela
304 2722 1164 2787 como quede en Cuba y santo Domingo, la haran ilu¬
307 2761 1161 2829 por es una tierra de encanto, un biento de dores dotan¬
304 2809 1161 2871 lo entre el morible espejismo de las agua de un gran¬
304 2853 1170 2918 loso mar siempre al y sonriente, y la traparencia
307 2898 707 2954 de mo el incomparabe
382 2943 1173 3005 Una esmerala de cambiantes tonos sembrada de
304 2985 1173 3050 ampolas convolulos y embusteras donde se gallarde,
1988 737 2063 796 C.
313 752 2074 846 ra
1212 832 2074 894 la palma del tropico con sus ánforas henchidas de sabroso
1215 874 2065 942 nestar y en sienteso abuntos de los siempre en con¬
1215 922 1624 981 ma cial, con la prisa.
1283 973 2077 1037 Donde la valiosa gramínea de nuestras costas ondea¬
1212 1014 2068 1079 nas plumones de verafrases impulos de los las a¬
1212 1059 2077 1124 puntos cuentos de origeno y ninoceno, que sin em¬
1221 1104 2071 1169 le encia el majesto anunicor enciando un mu¬
1212 1149 1442 1205 me otro mar¬
1286 1199 2071 1264 Donde las inquietas olas baten de continno sus pin¬
1212 1241 2068 1306 borosas plas formanos una meres dule y mue¬
1215 1286 2068 1351 las con el rumorar de las pales y el piene can¬
1212 1331 2068 1396 tro de ensueño que produen al mese enciosamen¬
1215 1376 2077 1444 te muestros aboles y plantas es pus puerto es una
1221 1423 2074 1485 pimorosa nera en dor donde la poesía desgran sus
1221 1465 2074 1530 bellenas por amos y paderas y el mala, enoros de
1218 1510 2065 1575 los dulces metodas jenerente entre sus frondos sus co¬
1218 1555 1447 1611 inas y en mar¬
1283 1605 1895 1667 Todo aquí es música, colores y armonía.
1289 1647 2074 1712 rolo es encanto bajo el palo sin fin del gramento
1218 1692 2065 1754 me distinguimos a traves de la intamino de muestro
1215 1734 2071 1802 cho, siempre lucido y resplandecente donde la una
1218 1782 2068 1844 sin clases espare su luz, quina y donde podemos con¬
1212 1826 2068 1888 templar el mese tila de todas las estrelos que for¬
1215 1868 2077 1936 mar las conseluciones concias deste las dos osas la
1212 1913 2071 1981 sila que muean el pulo real hasta las más astrios.
1212 1958 2071 2023 como el centuro con nuestra veina apla el Nario
1224 2003 2074 2068 rros con Canopie se esplendo brillante de coloridas
1215 2053 2068 2109 y mines tusias el mis celeninos de muestro cielo
1215 2092 2074 2154 que brilla en nuestra porte de muero, Miendo
1215 2143 2068 2199 pendent con sirio, alta del Canas hagor ato de ha¬
1212 2179 2071 2244 ara maculada y que es mo de los más prosimos
1215 2229 1409 2282 nuestro sal.
1280 2280 2071 2339 Allá en las profundidades del zenita brilla Orión, con
1212 2322 2068 2384 su admirable nanila, y en rein colorte de allenarin.
1212 2364 2071 2426 proven, los gemelos, y más tarde aún la Cruz de sur.
1212 2409 2068 2471 rinda por pante maravillos aterio inisible
1206 2453 1877 2512 siempre para los europeos y estalunienes.
1283 2495 2068 2557 todos esos mundos da escio nos hablan en len¬
1206 2546 2068 2605 guaje misterioso, que leva a nuestro entenimiento la
1206 2588 2065 2647 griera de otra vida, superior a la cual muestra alma la
1206 2630 2071 2691 de llera en las brillantos y adorosos etas de en enie¬
1206 2677 1653 2733 tencia eterna e infinita.
1280 2734 2060 2787 ¡Oh, misterios tan hondos y profundos tras ese Uni¬
1209 2767 1659 2829 vero nuestro mundo.
1277 2821 2071 2883 Donde la vida del hombre va adquiriendo la ciencia
1212 2871 2065 2930 y emperiencia negarias a traje de infinitas esistencias,
1206 2910 1874 2972 tridos entre enas y ente lagrima....
1280 2961 2065 3017 que es el hombre, por fino quien lo adivina?
1200 2997 2065 3059 Mariposa de luz que vagabunda recorre los mundos tas
937 492 1459 551 HERALDO DE LA MUJER.
1041 3116 1450 3169 Ayuntamiento de Madrid
