2479 3508
1030 420 1558 476 HERALDO DE LA MUJER.
406 1537 1295 1593 los mundos, sin saber jamás por do camina, ni el fin que
412 1588 853 1641 persigne las se vida....
477 1626 1295 1679 amor dolor, penar serán tan solo, sombras de un
406 1668 1295 1724 existir donde lo into camina sempre delante de los
406 1713 1292 1772 sos ocultandonos la lu celendores de es vera que
409 1764 1218 1817 nos abisma y que en vano el alma busca sosa.
797 1823 904 1873 N
483 1871 1292 1930 Mas dejando á un lado lo insondable volvamos la
406 1916 1289 1975 vista a nuestros campos donde los frutos la mento no¬
412 1958 1286 2020 pren y guarian en el uno de sus calce teor eson¬
409 2015 829 2068 nidos que nin e perien¬
492 2050 1292 2112 Cuán delicioso es el ambiente perfumado de nues¬
417 2104 892 2154 tras podos quinas de verano.
483 2149 1292 2208 Aquí, en las colinas del ensueño luce el cafeto sus
414 2194 1292 2253 manulsinas guiradas de primorosas esuelas aroma¬
412 2238 1289 2297 una y en sus una va perlos a porta, nos brini¬
406 2289 1244 2342 altor petello que al intelecto, in el vigor pernido.
483 2331 1289 2387 Mas allá los horillos linonra en sus nores de
406 2376 1289 2435 amor y de purera, y sus ponas de oro nos prongan lagos
406 2427 818 2480 le recor y de mirosa.
489 2465 1292 2518 Y la nia fruto divino de estas ronas cuando per¬
412 2516 1295 2569 los que en su eno guarda dulos cual la miel libles rie¬
412 2561 874 2614 en esencia crenina e llena.
486 2612 1292 2662 Y el níspero, conjunto de embriagueces, y el mango
412 2653 1283 2709 fuente de resilos y el dulce hanano de la mela pan na
412 2704 1128 2754 tural, que prtuna Pomona quigo regalarios.
492 2755 1292 2805 Y aún el tabaco. simiente bien traidora, que cual
412 2797 1292 2853 latele proteros y encantado, leva en si el ensueño y la
406 2844 1035 2897 llera, ven se la veneno deciadado.
483 2889 1301 2945 Aqui el piere en invierno dorecido, nuestro suelo
406 2931 1292 2987 sin igual altombra vel ambonan más luso va cubrien¬
414 2985 994 3038 lo las alamadas con sus dores rojas.
1412 1522 2215 1581 Y el cedro gigantesco se levanta con el indiano lan¬
1325 1579 1555 1629 rel y la cuoba.
1409 1611 2212 1673 Y el árbol de llanailana con sus verdes flores es¬
1331 1662 2221 1718 reladas en la costa del sur su aroma espare llenando el
1331 1713 1698 1763 ambiente de fragancia.
1409 1746 2221 1799 Y la ciba de la selva soberana lleva en su regio se¬
1334 1797 2218 1859 mito orgullosa, los principes de la hora india: el
1331 1838 2215 1900 joma, con sus blancas dores el musibo siente el lum¬
1331 1883 2215 1945 rido como y arrosantes el cuna y las purora, que
1337 1937 1833 1990 resinas primorosas nos realan¬
1403 2026 2045 2079 Pero volvamos la cara á nuestro pueblo:
1412 2068 2221 2127 Aque estamos viviendo nueva vida aquella a que el
1334 2119 1683 2172 progres nos convida.
1406 2158 2221 2217 pero penetra en los cerebros tan despacio, porque
1334 2209 1895 2262 en estrana enguna amul estudiamos.
1403 2247 2224 2306 Las Ciencias lo más grande conocido, si en el habla
1337 2292 2224 2354 le Cerantes mos las dieron, on hermosura, cuan¬
1337 2337 2224 2396 ponto nuestro pueblo los adelantos cienticos modemos
1334 2391 1558 2447 comprendera.
1406 2427 2221 2488 Pero eso de aprender el tecnicismo con palabras
1334 2477 2224 2533 exóticas que munes traducidas a nuestra hermosa, habla
1340 2525 2218 2578 en los hijos es lo mismo que estinias en sangrito.
1334 2567 2218 2623 lo entender en mis de los famases su raro e intinca¬
1334 2618 1579 2668 lo subolsmo.
1412 2659 2224 2715 Pero aún así, mi tierra muy amada, este búcaro de
1337 2704 2221 2760 Rores columpiado entre las onas moviles rsonantes
1331 2749 2224 2805 de moderoso alante, va en progreso buscando se futuro
1337 2794 2221 2850 lestumbre de ser en no lejano dia, la Antoria del
1337 2842 2218 2897 progreso Histano en el Centro del Mundo americano,
1337 2880 2209 2942 formar con sus bellísimas hermanas la CONFEDERA.
1331 2928 2110 2984 CION DE LAS ISLAS ANTILLANAS.
1671 2976 2146 3029 Ana ROOUE DE DUPRER.
952 537 1662 590 MAS CERCA DE TI. SEROR.
1230 602 1671 661 Para "Heraldo de la Mujer
486 689 2212 754 El noble William Pen dejó bien cimentada su fama ñas que nos rodean coronadas de pinos, o escondidas por¬
1331 734 2215 799 tunidos salvas cuna vor misteriosa mos lama inceste¬
403 746 1289 799 de hombre inteligente y buena al escurer estas pensi¬
1334 779 2209 843 mente y que como las las cosas del de ter si va se
400 793 1289 846 mas neras que levan a nombre. Aque puede excla¬
1331 823 2221 888 ale que tras de la esposa y el misterio encontraremos
1334 1334 2212 1399 cho triso civos resularidades, tanto como las gran¬
1331 1382 2218 1441 los piedras que lo forman, producen cada pas una
403 838 1289 891 marse con el gran poeta chileno quinero Mata envo
406 886 1286 936 retrato hecho por pagenio M. de Hostos, intimo amigo
406 928 1292 981 ro, en meditados nos lo presenta, como una de las
414 982 1116 1032 personalidades más simpáticas de América.
513 1062 1143 1127 Completa soledad Léjos del mundo,
477 1119 988 1172 En tu seno magniño y recundo.
483 1164 973 1217 Madre Natalera, se la
477 1208 982 1258 El enrin vansias de inmuito.
486 1256 1143 1309 Ansis de eterno a tu contacto gos.
406 1310 1283 1369 A
1334 871 2212 933 veras engraciadas manatales de agua cristalia
1340 916 2215 981 e cantan dulemente prelos cultivados con esmer.
1328 961 2218 1023 laderas cubiertas de mirartas o de helechos, penosos
1328 1005 2218 1070 tantados de muso unas ves o motrando sus pupilas
1325 1059 1680 1112 enas pirarmosas, otras.
1403 1107 2212 1172 Cerca de la casa estilo antiguo en que nos hospeda¬
1325 1152 2209 1217 mos construlan en una culina, y que parse por su anse¬
1325 1199 2209 1264 to ya distribución una de esa posados quinas decritas
1337 1247 2212 1309 por los poristas entusiastos de la fera de quilermo
1334 1289 2212 1354 ren y anares morter corre un hermosísimo estero de le¬
1328 1429 2212 1491 engala bandora que el que desgrana en brillantes y
1035 3152 1450 3205 Ayuntamiento de Madrid
