2479 3508
931 552 1555 608 BIBLIOGRAFIA
528 689 1047 751 CANTICAS DE AMOR
417 773 1155 834 Los Poetas orientales.—Traducción del Arabe¬
456 862 1116 921 POR CARMELA EULATE SANURTO
426 949 1233 1014 Nuestra amiga de siempre, nuestra muy admirada
346 996 1227 1061 ilustre morior puertorriquena Carmela Eulate nos
349 1041 1224 1106 pemia nos con un presioso iro de su brillante pluma.
352 1083 1224 1151 intes de amor al que rompana una detratoria que
346 1131 832 1190 nos enala y que agramos.
420 1179 1230 1241 Este lio nos ha llenado de alegría al aber que la
355 1220 1236 1285 sima pasana, ha podido reconrar la vista que estro a
352 1268 1227 1330 punto de perler por su amor a las letras negra el
352 1310 1230 1372 Arica para estudiar el trabe y sufrio un desprenimien¬
355 1355 1230 1420 bo de ruina que la había tenido en ciosa de largos
352 1399 438 1452 años.
429 1444 1230 1509 Fué allí admirablemente asistida por una joven al
355 1492 1238 1554 mien damen el primer veres de esta obra el qui es una
355 1534 1149 1599 bella muestra del taleno e inspiración de camen:
1412 695 1859 745 Con dulce emoción fervorosa.
1525 740 1839 790 De su alma de mina
1409 784 2009 837 No la han visto, incansable enfermera.
1525 829 1797 882 En poeles y des¬
1409 874 1970 927 junto al lecho en que vace postrada,
1531 919 1874 972 cuidando una amiga.
1409 964 1880 1017 Isabel cual su santa matrona.
1528 1008 1895 1061 La neina de fueria.
1418 1053 1943 1106 a los pobres enfermos que sufren
1525 1098 1803 1151 Consuelo y alvia.
1418 1143 1919 1196 sabel tu recuerdo por siempre
1528 1188 1857 1241 perdora en mi vida:
1418 1229 2000 1282 muiste el ángel que Dios compasivo
1528 1277 1928 1327 Manime en mi cuta.
1886 1322 2086 1372 CARMELA.
988 435 1501 488 HERALDO DE LA MUJER.
498 1629 1083 1685 A ISABEL SINTES MORTEO
594 1719 988 1775 El Angel de Casablanca
504 1806 976 1864 Por la blanca ciudad africana
609 1850 853 1909 su po desta
501 1892 940 1957 ma bella y graciosa figura
609 1943 904 1996 De han estria
504 1988 1074 2047 Las personas que munes la han visto
612 2035 997 2091 pen pronto la nunca
504 2077 1006 2133 por su rostro de lines pretas
618 2125 871 2178 de mi¬
504 2167 1027 2223 Pero ignoran el alma que encubre
612 2215 889 2271 pensa, tan lina.
498 2259 1080 2312 Aurco vaso en que Dios ha encerrado
609 2304 901 2357 su esencia quina
513 2349 1083 2405 No la han visto en su hogar venturoso
612 2397 853 2450 Serna mina
504 2441 1089 2497 A sus padres y hermanos cuidando
615 2486 898 2542 Con susia coleta.
1310 1367 1728 1420 Casablanca, junio de 1916.
1271 1453 2143 1506 Hay que admirar en Carmela, esa facilidad para el estu¬
1268 1495 2146 1554 do de los intomas pues además de poser en bastante
1265 1540 2140 1596 prección el frances males, alemina inalano y portu¬
1265 1588 2146 1647 más que ha procurado conocer para poder aprecir sus
1271 1638 2140 1688 fueras adora domina el grade se encante quiley
1277 1677 2137 1733 metro de los calleros anderramanes a tanto enter¬
1271 1719 2146 1778 los acen al Catrato de condora, y de los culos que
1274 1770 1782 1826 la autora de cintinos de Amor¬
1346 1809 2143 1862 a poeta de los ambos es ante todo lica, pues
1265 1859 2146 1909 los carecían de los grandes elementos hatoricos que
1268 1898 2146 1957 rando las roperas han uno asunto a la inspiración
1271 1949 1612 2002 la prigo y latino.
1346 1988 2143 2041 El carictor de los árabes se distingnía por la va¬
1265 2041 1582 2091 lenta y la disptar.
1343 2077 2146 2130 En su poesía, se marra esa tendencia. Sus prime¬
1271 2128 2155 2181 ros espasiones poéticas fueron veros nialados que se
1274 2173 1874 2229 maban y se petentan por tracio.
1352 2212 2152 2262 masta el sento sielo de nuestra pra, no aparece en
1274 2259 2149 2318 todo su esplendo el gento poetico de los ambos peren
1271 2301 2152 2360 tan fena fué la manifestación jamás superla por es¬
1271 2349 2149 2408 otros poetas de los que constitueron luego sus modelos
1271 2400 1418 2456 luras.
1343 2438 2143 2491 Existe la tradición relatada por Noldete, en su
1271 2483 2143 2542 petrue mar Rominita, ar Pose de aler arra de
1271 2525 2137 2587 que cuando alguna composición era admirada grande
1274 2573 2143 2635 mente por los prentes, se ponia escrita luego con letra¬
1271 2671 2149 2727 readas por los rumores del bosque y el murmullo de las
355 2668 1230 2730 despliega en etéreos encajes sobre las redondas piedras,
355 2713 1227 2772 a encio un rones banos y espamos de las on¬
352 2761 1227 2817 los rindas por la brisa á una oila del alumno es
355 2806 1236 2865 tro se levanta cubierta de bocase tupidismo la monta¬
355 2850 1230 2906 a estado de pensamos mores mirolores que va¬
355 2898 1236 2954 pran con las poleromos e inmetas mariposas lo porta.
361 2946 1236 2996 por la otra prilla entensa y ailentada pradera pueblan
358 2985 1236 3041 a que los trinos y gorosos de inumerables averillas co¬
1271 2710 2146 2775 amas vel el con su inimitable mista, va formano pue¬
1280 2758 2146 2823 ros de ina y sombra en la siva en el estro, en la pro¬
1277 2803 2149 2862 dora, mientras el alma encantada y reconoria, se arro¬
1280 2856 1725 2906 dila para adorar al Creador.
1773 2946 2080 2996 ASIUL ALEMA.
1116 629 1639 685 Por Ana Roqué de Duprey.
1041 3164 1462 3217 Ayuntamiento de Madrid
