2479 3508
964 429 1492 485 HERALDO DE LA MUJER.
420 713 973 769 A mi lado, luminosa, me acompaña
382 758 797 811 en la mole del ender
385 805 734 858 a la palida me paña
385 850 815 903 con la fumbre de un lucero.
420 904 841 954 Es tan blanca, que parece
379 949 788 1002 la ni paso se adelanta.
388 987 1137 1046 algo alado que se esfuma ya lo lejos langilece.
388 1038 871 1088 lagenidose o se abrilla.
420 1089 976 1142 Una noche sus pupilas me miraron
423 1131 1035 1190 Miran hondo sus pupilas de ternura.
388 1179 791 1241 y al grare las miradas
391 1223 815 1282 mientras manos se leeron
391 1268 800 1327 en la sombra vinaladas.
394 1313 1006 1375 por un gesto de amistad y de dulara.
426 1364 874 1420 Yo vi entonces sus cabellos
388 1411 1000 1461 y eran negros en encios de icinto.
394 1456 785 1512 de negror la indistino
391 1498 1146 1557 que bien se, que no habrá negro como el de elos.
432 1552 818 1605 y sus manos eran finos
400 1591 1086 1658 vera blancas cual palomas que en un vuelo
397 1647 597 1703 de perujer
397 1695 779 1751 por regiones peregrinas,
400 1740 564 1793 bajer
397 1776 1158 1835 las piedades milagrosas del amor y del consuelo.
435 1829 838 1885 Y eran pálidos sus labios
394 1877 743 1933 vera paluda su frente
400 1913 1191 1978 como pálido astodelo que en la sombra del sendero
400 1973 585 2023 llemente
403 2018 791 2076 perfumara mis agracios.
444 2062 865 2121 Desde entonces, en el fiero
403 2110 788 2169 transtar de mi umera
406 2149 1083 2214 ramos juntos y en mi noche de amargura
403 2206 555 2259 la venero.
412 2247 910 2303 porque es blanca y es tan pura
403 2283 1140 2348 como hanes virgencia que tallaran en la cera.
444 2346 803 2402 Ella sabe de mis penas,
1268 617 1621 673 A Concha Meléndez.
1301 692 2030 757 ella tiene para todas mis tristezas de vencido
1304 749 1686 802 a mano de acenas.
1313 790 1662 849 a pedno de s cielo
1310 832 1919 894 ven su pecho de ternura, un latido..
1346 886 1895 942 Y así vamos por la senda dolorosa,
1313 922 2063 993 vo venido por el hondo malencio de mis duelos
1313 982 1707 1040 y ella blanca y luminos
1310 1026 1692 1085 derramando con dulara
1313 1071 1528 1127 a consuelo
1319 1104 2086 1172 como lirios que caveron en un lago de amargura.
1349 1167 1722 1223 otra sombra misteriosa
1316 1202 1952 1273 larga y triste se la cruzado en mi camino
1310 1256 1719 1312 por un gesto de amena.
1322 1301 1704 1357 ven la fuena tembrosa.
1316 1349 1719 1408 de sus ojos cuando pasa.
1316 1388 1943 1452 hay un raro alumbramiento sibino.
1358 1438 1967 1500 Yo no temo á los furores de la suerte,
1316 1489 1749 1551 nel desano me atremor.
1313 1528 1931 1590 ni la sombra lares y triste cuando pasa.
1316 1576 1767 1638 ne he ver en su amena
1313 1623 1639 1682 de pato que pre¬
1316 1662 2092 1727 un mensaje misterioso del amor y de la muerte.
1355 1716 1946 1778 Y es que vamos por la senda dolorosa
1325 1755 2098 1826 vo vencido por el hondo malencio de mis duelos
1322 1812 1707 1873 y ella blanca y luminos.
1319 1856 1716 1912 derramando con dulara
1322 1907 1531 1957 sus consuelos
1322 1940 2083 2005 como lirios que caveron en mi lago de amargura.
1358 1991 1955 2053 Y a mi lado, luminosa, me acompaña
1325 2041 1725 2106 y en la pale del sendero
1319 2086 1686 2145 a luz, panila me para
1322 2134 1859 2190 con la hombre de mo lacero.
1289 2367 1800 2420 Del libro "Atalayas de Marfil
1719 2209 2101 2265 Armando D. GARCIA.
1364 2516 2179 2581 Así concluye la autora el epilogo de tan hermoso li¬
370 2537 1244 2605 de oro sobre seda, para adornar los muros de la Raaba,
1295 2561 2182 2629 bo, al que le seguirá la anulonta de Polas orientales.
364 2579 1250 2653 santerio famosísimo de la Moca Hay que de estos
1289 2606 2179 2674 viero el rona bre orienta que formara el terrero y al¬
364 2624 1256 2697 cantares preniados que se laman nulahat, y de cos
1292 2659 1698 2715 imo volumen de la serie.
373 2683 967 2742 van algunos traducidos en este bro.
1367 2704 2188 2766 Felicitamos a la autora por la nueva y hermosa
444 2731 1259 2793 Sobre todo, los del verdadero coloso de la poesía
1298 2761 1636 2820 puela de su ingenio.
364 2773 1256 2847 amabe Antar en Suedago. La poesía ámbe no tiene
1367 2800 2179 2865 Puerto Rico debe sentirse orgulloso de esta ilustre
367 2821 1262 2894 la riquen de ingenes de su pros, Pero estas lecturas
1295 2844 2185 2909 compatriota, y las mujeres puertorriqueñas deben de leer
373 2868 1259 2939 pientales tienen el atraero de sus perfumes la magia
1295 2886 2188 2957 con encanto e interes las obras de Carmela mulate que
370 2913 1256 2981 de sus misterios y el alma a ponere en conticto en el
1295 2934 2191 3002 encontrarán en la Liberia de San de Sanjurio vida.
370 2955 1259 3029 oriente por medio de sus inas de poeta, se siente hen¬
1295 2982 2149 3050 Es un deber el no desconocer los ingenios de su patria.
373 3012 994 3077 chida de juventa y de entusiasmo.
979 546 1513 599 NOCTURNO
1041 3155 1453 3208 Ayuntamiento de Madrid
