2479 3508
946 414 1447 467 HERALDO DE LA MUJER.
698 546 1686 605 Una noja del pasado
367 701 1182 757 También con una expresiva dedicatoria, acabamos
286 749 1167 802 de recibir la quina moral de la eminente ecritora me¬
295 793 1158 846 guna ra polores mujo quien demos las más empe¬
289 841 749 894 sus gracias por el ongio¬
364 883 1173 936 Hace algunos años que habíamos tenido el gusto de
292 928 1164 981 ver en la Mujer moder el retrato de la Sra. Poro.
292 976 1173 1026 que es en verdan ma mujer que a su gran ilustración
295 1020 1131 1070 me ma gran bellera, y decibamos engor sus abra¬
364 1062 1164 1115 Aver nos erprendo el corre con su hermos bro.
295 1110 1176 1160 También es una inspirada poetisa la señora polo. Ha
301 1149 1167 1205 publicado en vero De hatimidad, a todo y la po¬
286 1196 1170 1249 lor de la vida ven prosa Arona rropian toriendo va¬
301 1244 1170 1297 rias unas en preparación, ma de ellas unores de arte
295 1289 492 1348 de vi¬
364 1331 1164 1384 Respecto al libro que hemos leído con interes cre¬
301 1376 1164 1429 ciente es una novela de costumbres, de la alta mistorra¬
295 1423 1167 1473 la mericana egrito con se delicioso estrilo modernista.
298 1465 1170 1518 portado enciso que tanta vida, y unto perio da a la
301 1510 1173 1566 presión del pensamiento, sin esas lagas paratales que¬
301 1555 1173 1611 encontramos in en las mejores novelos españolas. E.
301 1600 1173 1661 potaronista de esta movela mos recuería un velados
301 1647 1173 1706 personate de ma obra de paso, mañer, en algunos de
292 1695 474 1748 sus ros.
373 1737 1176 1787 En esta obra, la autora nos hace pipir su novela.
295 1776 1173 1835 La acción brota espontánes de la habil pluma de la ceni¬
298 1823 1167 1876 bra sin dener las y enda ver inspirando mayor inte¬
370 1913 1173 1969 Parece una sucesión de cuadros en los cuales la au¬
298 1955 1167 2011 tora ha ido nerastando pensamientos profundos, aures¬
304 2000 1173 2059 lados con el ropate esplenido de una imaginación meri¬
301 2044 1173 2103 Nonal, que pesta aluna y enorido á las iden más mu¬
298 2092 1179 2151 lles y más sencilas de las que cual recuero de brillantes
301 2134 1179 2196 remos esta aliendo la obra inciendo el estio elemente
301 2188 812 2241 lencioso a la ver que elevado.
373 2226 1170 2282 Sobre todo, lo que más lo reala, es ese modo espe¬
298 2271 1179 2327 cial que tiene cada pas latino americano de empresar el
298 2313 1173 2375 pañol, que sparindose del prismo castelano, cupa¬
304 2364 1179 2420 berta, el modo original de hallar de los esparoles de la
307 2406 1179 2468 mera america dándole gracia y es saben sal que le
307 2450 1173 2509 imprime sabor loal la paración hienila mis ame¬
307 2501 567 2554 na e interente
370 2543 1182 2596 El hablar nosotros, los españoles de América, con el
304 2588 1185 2641 quisismo y la pura de un derrantes enta en nuestro
307 2636 1182 2688 conento una falta imperonable contraria á la verdad;
316 2674 1176 2736 pues debemos sentir la solución que el medio ambiene
307 2725 1146 2787 y la mertad y enoración de los tiempos nos imponen.
379 2770 1185 2823 Eminente feminista la Sra. Bolio pone estas pala¬
307 2812 1179 2868 bres en boca de doña Euemira mujer ensata, y pensa¬
310 2856 1188 2909 dora, al merle un caballero que le que lo siguiente¬
406 2898 1188 2954 nino, enorita, que la misión exclusiva de la
1027 644 1382 697 Por Dolores Bolio.
1209 707 2083 757 siete mujeres para cada hombre, debía legislarse la poli¬
1212 749 2086 805 guia.. Silo a patria, cumplir su misión todo
1215 793 1755 846 El género femenino, sin ecinado.
1286 829 2089 891 Doña Edelmira pasen su mirada con pica de mali¬
1206 883 1665 933 ciosa obseración y prosiones
1307 925 2086 981 Digne, buen amigos la misión de la mujer
1212 973 2089 1026 se redujos a ser madre los hijos viniosen con frmos de
1212 1017 2086 1070 más o menos en el ristro civil, no delin se ronos.
1212 1062 1958 1115 dos en todas partes como un honor de la mujer
1301 1104 1892 1160 con en es diente. El hono.
1292 1149 2089 1205 la honora Nesue ustel que cumplir en la
1212 1196 2086 1249 misión para que nacimos puede ser de honroso y monara
1215 1244 1797 1294 en mina la moral, con la maturaleza.
1292 1280 1800 1339 es hijos sin padres lestimos;
1295 1325 2086 1384 pues tendremos que endios a una endencia.
1218 1376 2089 1429 o los legialadores decretin la poligamia, desciada y
1221 1420 2092 1473 por la civilización o no han nacido para madres bodas
1221 1468 2057 1518 las mujeres La matraleno los lores se conivocacon¬
1313 1504 2089 1563 No ne convenen sus argimentos señorita los
1212 1555 2086 1608 Estolosos afuman. bueno, la que todos convenos.
1304 1597 2083 1653 pren los faciosos muchas cosas, pero cien¬
1215 1647 2089 1697 mente que se des y pieno que el orien ideal de la
1212 1689 1904 1742 ociedad para ser igual al de la comen¬
1298 1734 2092 1787 Madres y oneras, ya que la naturaleza, o las leros
1221 1776 2089 1829 se oponen a que las tres cuartas partes de la humanidad
1221 1823 2089 1876 mil su mision. en honor prosigne ella con in¬
1218 1868 2089 1918 na y pienso que debe finitare eso un dencio a las
1218 1913 2092 1966 mujeres, como a los hombres la manera de hacere una
1230 1961 1701 2011 personalidad en todos entidos.
1298 2000 2089 2053 El ser humano, es decir el ser inteligente, racional
1224 2044 2089 2103 bre se siente impulado a buscar un puesto tan ele
1224 2092 2089 2145 jado entre sus enciantes, como sus facillos le du¬
1221 2134 2092 2187 Iremo aspirar no solamente necesita matir su cur¬
1227 2188 1564 2238 po sino su vida ideal.
1292 2221 2092 2274 si el único ideal de la mujer es la maternidad
1230 2271 2098 2324 cuinas encontrarían como crona a su vitud el frenso
1218 2319 2089 2369 de su vida! Por que no encaminar estas eneriosa di¬
1218 2364 1546 2414 ferentes actividade:
1298 2403 2098 2459 El hombre no sentirta que la mujer le usura un
1224 2447 2092 2503 meto o como generalmente inen el miro lacio ameri¬
1227 2498 2095 2551 mo, cuando ella siene una carrera cientinca, polvieno
1221 2540 1442 2596 misten ete¬
1301 2588 2095 2638 Concluve la escritora con estas palabras que parecen
1224 2630 2027 2683 en la norma que le ha guinto con verdadero ento:
1298 2671 2098 2730 la prela breve sencila de lenente honda, pero
1227 2719 2098 2778 no sentimental, si es posible concia que describa en
1227 2764 2095 2823 los malabras que pinte con dos tres de acuela, que
1224 2806 2095 2865 loste en un corto dialoso y que no atomente ni pe¬
1218 2847 1627 2909 me para moralar de
1301 2901 2101 2954 Quizás pronto podamos apreciar a la insigne autora
1227 2946 2039 3002 también como poetia, en tanto nuestra felicitación.
1579 2991 2045 3044 Ana ROSUE DE DUPRER.
1035 3164 1453 3217 Ayuntamiento de Madrid
