2479 3508
1015 372 1549 428 HERALDO DE LA MUJER.
364 614 1289 667 EL DESCUBRIMIENTO DEL SISTEMA DEL
501 671 1155 730 MUNDO. DESDE LOS GRIEGOS
668 737 982 790 A COPERNICO
809 844 1224 894 Por Camilo Flammarión.
450 934 1274 990 El movimiento diurno de la tierra fué adivinado y
370 979 1271 1035 enseñado por los pitagoricos plilolana muestas y her¬
373 1023 1280 1085 hantos, por lo que se le que este desciprimiento se re¬
376 1077 1003 1130 monta al sielo y antes de nuestra era.
456 1119 1283 1178 Aristaro de Samos en el sielo I. antes de nuestra
376 1164 1274 1220 era enseñaba el movimiento anal de la mera alrede¬
376 1208 1137 1267 dor del Sul contorme al sistema de Conernico.
453 1256 1283 1312 Esta iden jamás ha desaparecido en la historia de la
373 1301 1280 1360 Astronomía las obras existian en las biliotas, los
373 1346 1280 1405 gruditos las conocian los pensadores la deducian espon¬
379 1402 579 1452 tinemente.
453 1441 1283 1497 Entre estos pensadores es necesario citar al célebre
376 1486 1277 1542 Ncole orame obismo de Lasen en tiempos de Carlos
382 1531 1280 1593 V que escribió en igra un relado del uelo y del Mun¬
370 1579 1289 1638 jo, comentario de la obra de Aristiteles en la cual hacia
376 1626 1277 1682 este mención de la hipotes pitagorios para combatria.
450 1674 1283 1730 Esta obra de siente Oresme no ha tenido la suerte
379 1716 1283 1778 gloriosa de sus otros escritos y jamás se imprimio, mis¬
379 1764 1274 1820 en dos manuscritos en la pibiota nacional, y un sa¬
376 1812 1280 1867 po bien conocido piere alen los la decibiento ye¬
382 1865 504 1915 ñalado.
453 1901 1289 1960 El obispo de Lisicux, maestro en teología, antiguo
382 1946 1280 2005 pen del capitalo Ronen estableció por una discasiona¬
376 1997 1286 2050 sional que los apariencias de los movimientos son los
376 2041 1280 2097 mismos; ya en el cielo el que diera vueltas alededor de
379 2086 1289 2142 nosotros o lo que es infinitamente más sencillo, el ati¬
382 2137 1113 2193 buir el movimiento a nuestro pequeño globo.
1328 599 2227 664 puede estar acorde con algunos textos de la Biblia que
1319 644 2230 709 aparcen ser contrarios, los como las historias de pone
1322 686 2224 757 y de procitos, puesto que es más sencillo tratar de cues¬
1322 740 2224 799 ciones sobre la miera, que sobre las esteras celestes, y
1322 779 2218 846 que la Biblia debio emplear el lenguaje mulgar para se¬
1319 838 1546 891 comprenida.
1397 871 2227 933 Sus argumentos en favor del movimiento de la tie-
1325 916 2227 981 rra, son los mismos que los que combatió Aristoteles po¬
1328 970 2122 1029 bomen y todos los adverarios de este movimiento.
1397 1011 2221 1076 Nicola Presme, así como Aristarco de Samos, y he¬
1328 1059 2227 1121 ro Conernico, admitieron la revolución de la miera y de
1328 1104 2230 1169 los planetos al rededor del Sol, lo que se manifesta tam¬
1331 1149 2230 1217 bien en su movimiento uno, mgo era muelo para su
1328 1196 2239 1261 tiempo ha quizás demasiado pues que su libro no fue
1325 1256 1570 1306 impres jamás
1400 1289 2224 1354 La hipótesis pitagorica era diametralmente contra¬
1322 1337 2224 1399 ria á la enseñanza Escolástica y a la suma de sto, To¬
1319 1394 1406 1447 mis.
1397 1429 2227 1488 En el siglo XV. en 1444 el cardenal de Cusa fué
1319 1474 2227 1536 más adelante proclamando el sistema de Conernico, cien
1325 1522 2224 1584 años antes que este, y disertando así mismo sobre la plu¬
1328 1573 1868 1632 ralidad de mundos que afumaba.
1400 1611 2233 1676 Estos dos predecesores de Conernico eran eminentes
1328 1659 2230 1727 miembros del elero, como también conernico que era
1328 1704 2224 1772 camingo. Uno se pregunta por que los jueces de ca¬
1328 1749 2230 1817 lleo declararon heretica la tenía pitagorien y copemi¬
1319 1800 2236 1862 cana formaller agratica, erprose contrara sagra¬
1325 1847 2233 1906 crimirnes sto romás de aquino tenía las riendas de
1325 1889 2236 1954 la enseñanza cristiana, y la divisa era como en tiempos
1319 1949 1919 1999 de Aristoteles. Manister int, (
925 492 1665 545 SECCION CIENTIFICA
689 2298 973 2348 LA MUJER
1558 2286 1991 2339 CANTO ALFUEGO
447 2462 1286 2521 La baja estimación en que la mujer es tenida por¬
379 2510 1289 2569 un gran número de hombres, y la indiferencia con que
376 2558 1286 2617 la misma mujer lo acenta sin protestar de ello, a lo cual
376 2606 1283 2662 se ande que muelos hombres no la consideren sino como
376 2650 1289 2706 ma mera conveniencia la ignorancia y por tanto, la
376 2695 1283 2754 negación en que incurren muelos hombres acerca de los
385 2743 1280 2799 verdaderos moderes de la mujer, que son sin embargo.
382 2788 1277 2847 iguales a los de los hombres constituyendo cuando es
379 2833 1280 2889 rectamente comprendida y dirigida un factor de la ma¬
376 2874 1268 2933 vor importancia en la conocenión de todo gran enti¬
373 2925 1283 2981 todos estos inconscientes errores no hacen más que atraer
376 2970 1286 3029 numeros y gravísimos males sobre millares y millares
373 3024 1047 3077 de hombres esparcillos por toda la tierra.
1397 2376 2158 2429 Fuego, hermano mío, a tí mi canto de victoria.
1397 2421 2233 2477 Te eres la imagen rojo viva de la metrosa libertad.
1328 2462 2224 2521 ro meces por el cielo tus brazos y corres tus delos impe¬
1328 2516 2230 2569 tuosos por las cuerdas del arma que hermosa, Fuego,
1325 2564 1713 2620 la música de tu danza.
1397 2603 2233 2662 Cuando mi día último llegue, y se abran mis puer¬
1325 2650 2230 2709 tas, un harás ceniza esta traba de mas manos y mis pies
1325 2698 2233 2757 ni cuerpo será contigo, Puego y cogerás mi corazón
1319 2743 2230 2802 en tu frenetico torbelino y el ardor inciente que fué mi¬
1325 2791 2230 2850 vida, saltará en un destello, y se unirá a tu llamarada.
1397 2919 2233 2975 De Nuestras Pueras Mentales, ercelente obra del
1325 2970 1794 3023 americano Prentice Multord.
1027 3194 1459 3244 Ayuntamiento de Madrid
1788 2035 2155 2085 Laura DE BENSAC.
1322 2176 1880 2238 que ahogaba la libertad de pensar.
1400 2125 2236 2190 ( Nota de la Redacción.—Enseñanza terrible
