2479 3508
889 605 1591 679 IUNIAL
504 764 1062 826 LA EMPERATRIZ EUGENIA
1421 784 1964 846 LAS MUJERES DE LA INDIA
414 853 1221 924 Hace años que esta anciana señora se hallaba ciega,
346 901 1224 966 y en genta de Maria le la patido los entantos de¬
340 937 961 1008 volviendole la vista a los moventa años.
412 990 1221 1061 Se halla ahora en Madrid en casa de su sobrino el
641 1104 922 1160 ESSAD PASHA
414 1167 1218 1232 General albanés, fué muerto de un tiro en París,
340 1208 1218 1276 cuando ina a subir a en automovil, por un joven abanes
340 1253 1215 1321 Arente musten que lo consideraba ma frano de su pa¬
343 1298 420 1354 tria.
346 1035 594 1091 dume de Aba.
540 1370 1018 1432 LOS REYES DE BELGICA
412 1432 1215 1497 Visitarán el Brasil, y se hospederán en el palacio de
334 1477 1215 1542 Qumabara antigna residencia de la princesa imperial
334 1525 1209 1590 del pras. Se están haciendo grandes preparatos para
334 1570 501 1623 recibilos.
376 1632 1182 1700 TERMINA EN GINEBRA EL CONGRESO DE
406 1770 1218 1832 Durante la última semana funcionó en la ciudad de
337 1814 1206 1876 imbra el congreso suravista El sibado desmo egra¬
334 1859 1203 1921 los las esiones los Cario Caman cale en su ende¬
331 1904 1203 1966 tar de presidenta de la Alama internacional del sura¬
406 2003 1209 2065 Entre las resoluciones que se aprobaron durante la
337 2047 1209 2112 resión de elancura de delo congreso, figura la de da¬
328 2092 1203 2154 a vo de aprobación a venuin países que desde la co¬
328 2137 1206 2199 labración del congreso anterior han concenido el vo a la
328 2185 438 2238 mujer.
400 2235 1134 2297 Se espera que la proxima reunión sea en París.
400 2301 1128 2363 SE DICE QUE HA CADO EL REGIMEN
635 2373 898 2426 DEL SOVIER
394 2435 1197 2494 De Tokio han comunicado con fecha 10 del que cur¬
331 2483 1197 2539 sa que el quio al sumbre publos se dia un po¬
322 2525 1200 2587 En estraorinario para dar la moticia de que por la via
322 2573 1197 2632 de sieria y ramitido por las autoridades de viadi¬
325 2618 1200 2677 ostos, habia llegado un despacio referente a la cada
325 2662 1197 2721 del rerimen del evier en noson y consigniente implan¬
322 2707 743 2763 tución de otro bien diero.
394 2761 1203 2820 Las informaciones de tal fuente advierten que los
325 2806 1200 2865 pios fueron derrocados sa ministro de la guerra Len
322 2847 1197 2909 Totas, asinado, y que el lete del gobierno tenie¬
325 2898 1203 2954 pudo salones grais la muila El general prusior.
322 2940 1206 2999 tales infores sería, hoy el ete de la nueva sición
328 2982 1006 3041 prenda en la viera capital de los moscovitas.
638 1707 913 1763 SUFRAGISTAS
1334 871 2134 936 Con motivo de asistir al Congreso Feminista de Gi¬
1256 916 2134 984 nebra en Suna la delegada Mrs Marimini Sen, una
1262 961 2134 1026 inina de los alas castas hoy la prensa, se la ocupado de
1265 1005 2134 1070 la situción de las mujeres indus. En aque male de
1256 1047 2131 1115 costumbres tan entrañas como la mujer se desarrolla tan¬
1259 1092 2137 1160 temprano, se cas a los ones o due años y muchos de
1256 1137 2128 1205 ellas en vinos cas niños, considerandose bajo la in¬
1259 1185 2024 1249 quencia de un mal entria, el se vuelven a casar¬
1325 1229 2128 1294 Muchos permanen ain bajo el valo, vendo van
1253 1274 2137 1339 entre en una casa, henen que cuna de mue no las
1256 1316 2131 1384 van los que pasan y se esonte en cualquier reado
1253 1361 1743 1426 hasta que la calle está deserta.
1331 1414 2125 1476 Una princesa mahometana de una educación exqui¬
1247 1456 2122 1521 sita, fué invitada un mitin de la Cruz Roia y en es¬
1259 1504 2125 1566 poso era uro de estos hombres que pensaba que hinún
1253 1546 2125 1611 Su masano denta ver ni la punta de su pie y al tror¬
1253 1594 2128 1658 la a la casa del Gobierno, donde se celebaba el min.
1250 1635 2122 1700 tendo una especie de tinel de seda al desde el pun¬
1247 1683 2122 1745 to donde se detro el carinte por todo el largo de la
1250 1725 2122 1790 calor, en sus diferentes tramos hasta la enfada del
1247 1773 1343 1826 salon.
1322 1820 2125 1879 Esas costumbres raras son muy combatidas por los
1247 1862 2113 1924 meles que poco a poco van consiguiendo algo para de
1247 1907 1444 1963 arrienias.
1322 1961 2122 2020 No hace mucho se volvieron a casar 2300 de esas
1247 2003 1901 2062 undas niñas, ya sin temor al mal espirito.
1322 2059 2122 2118 Mrs. Marinalini Sen es una mujer decidida y con
1241 2101 2116 2160 caracter bastante para romper con esos costumbres ansur¬
1247 2146 2119 2205 los As ella fué enada vida muy nina y al preten¬
1244 2194 2113 2250 der ensare por ecunda ven cuando tenía y años quen¬
1247 2235 2116 2291 ta ella misma, que turo ene sar de su casa sin el conoci¬
1244 2283 1597 2333 miento de sus pura.
1280 2334 2116 2390 Secretamente se escapó por la pared del jardín, pues¬
1247 2379 2122 2435 la muerta de este estaba enriada por centinelas como
1244 2424 2116 2482 sin costumbre en india entre los familas de alo rango.
1319 2474 2119 2530 Ella tuvo que devolver á la familia de su primer
1244 2519 2116 2578 esposos los bienes que le habían correspondido pues es¬
1241 2564 1510 2620 la costumbre.
1313 2618 2116 2674 Ha sido ella la primera mujer india, que hizo una
1238 2665 2116 2715 necesión en acroplano, con el parón de calor un ariador¬
1238 2704 2113 2763 bella, he dier años cuando aún impereta la aración.
1244 2752 1991 2805 era enturado hacerla hasta para los hombres:
1316 2806 2110 2859 Ella fué la dellegada para explicar el verdadero es¬
1236 2847 1862 2900 tado de la india al Gobierno pritanico.
1310 2892 2113 2954 Nuestras mujeres dijo aunque poco a poco, van
1233 2946 2113 2999 adontando los ideas modernas nosotros tenemos ya mu¬
1238 2994 2113 3044 jeres de gran habilidad literaria, mujeres flantropicas de
997 444 1513 503 HERALDO DE LA MUJER.
1032 3164 1450 3217 Ayuntamiento de Madrid
