2479 3508
931 447 1450 500 HERALDO DE LA MUJER.
931 617 1471 673 CIAL
304 758 809 808 A—teneo Puertorriqueño.
388 790 1337 852 Nuestro primer centro entural ha tenido dos festas tación.
310 841 486 897 magnincas.
382 877 1182 939 El Certámen de Poesías en celebración del 4 ani¬
310 928 1113 981 verario de su fundación y el Cerimen de Mista.
388 970 1185 1029 En el primero, se premian varios onctos y Ma¬
304 1014 1191 1070 deales, entre los que abrealo el de ser que infor¬
319 1059 1077 1118 mujer por su inspiración y delicadera exquisita.
382 1098 1185 1160 HERALDO DE LA MUJER Se comple en feli¬
313 1155 829 1208 citara todos los poetas laurados.
382 1196 1191 1249 por el gran número de composiciones presentadas,
307 1232 1185 1297 e ne que pierto pien esta en pleno dorecimiento pue¬
307 1280 1191 1339 os bueno es pues la posta desgrana sus bellenas en esta
310 1325 1149 1387 nera en dor todo inila amor al canto y al enueno,
391 1370 1188 1429 pero no inen olvidar nuestros intelectuales lo que
313 1411 1191 1476 ha dielo con muelo acierto el gran escritor Armando
316 1468 567 1518 Palio vales:
361 1507 1191 1560 Los pueblos niños hablan en verso, y los pueblos
310 1552 1173 1617 adultos estudian la Naturaleza y entivan las Ciencias:
382 1603 1188 1667 A una y otra cosa se presta nuestra bella y esplen¬
316 1647 1194 1709 una tierra tan llena de hermosura como de riadenas ma¬
319 1692 1194 1757 unos que emplotadas por medio de la ciencia, serían
316 1740 1131 1805 muy potenosas para su progreso y entra general.
391 1791 1200 1856 Por qué se cultivará tanto en los países latinos la
322 1829 1185 1900 puesta enviar pa a nuestro entender es poesta po¬
316 1883 794 1945 pia de los tiempos menorales.
391 1928 1191 1990 La poesía cientifica, la poesía épica, que pinta la
319 1973 1188 2038 Naturaleza con toda su grandiosidad es más elevada
319 2023 961 2085 al estado cual de cultura de los puedos.
394 2068 1182 2133 Aquí y en España, hemos tenido algunos cultivado.
316 2116 1194 2175 y de la poesía cientica, quintana y matel del vale
316 2161 1194 2223 entre ellos y sus puestas en inmortales pues habia al
319 2203 1191 2265 pruzan y a la caber, por eso nos entusiasman y dele¬
319 2259 394 2315 mu¬
397 2301 1194 2363 En el Certamen de Música, fueron premiadas tres¬
319 2346 1188 2408 de nuestras virtuosas en el pino las Srtas Riano.
319 2400 686 2456 Aren y Campoamor.
1295 734 2095 793 A ese triunvirato de artistas, nuestra efusiva felici¬
1289 823 2095 882 En el de Pintura, se concedieron algunos premios.
1221 868 1955 927 Reciban los agraciados nuestra voz de aliento.
1218 925 1624 978 Boda en Naguabo.
1298 958 2098 1020 Esplendida resulto la de la Srta. Camelia Fuertes
1227 999 2098 1067 y el Sr. Callario Ella, estaba bellama con su baje
1227 1047 2098 1106 de siner proendo orado de encios de sas y dores de
1224 1089 2092 1154 papara que el mada de la Belicidad los puría, siem¬
1233 1143 1674 1202 pe en el camino de la vida
1221 1191 1668 1249 Dos fechas luctuosas
1295 1226 2098 1288 Maños muera se mareno a la vida del espirito el
1227 1268 2098 1333 ir de ilio, y José de piego el jo, pueron ellos los hon¬
1224 1316 2104 1378 bres de más talento y más patriotas de Puerto Rico.
1295 1364 1898 1423 Nuestro pueblo no los olvidará jamás
1227 1417 1818 1473 Don Manolo Negrón Collazo
1301 1447 2098 1509 Se nos ha dieno que ha sido nombrado inspector de
1224 1489 2098 1557 San Juan, este excelente profesor que tanto ama su po¬
1227 1552 1337 1602 fesión.
1304 1585 2101 1644 También ha sido nombrada Profesora de Castellano.
1227 1632 2104 1691 de la Ala Escuela de San Juan nuestra colaboradora, la
1230 1680 1674 1736 piritual Conela Medades.
1307 1722 1895 1781 ambos nuestra cordial enhorabuena.
1230 1785 1504 1838 raducción
1304 1817 2104 1879 Alicia Nova Duprey, nieta de nuestra Directora, ha
1233 1862 2104 1924 sido adunda de comercio, con brillantes motas en ha¬
1230 1901 2098 1969 Edos prolla. N. F. También su hermana movie¬
1230 1949 2107 2011 ha aprobado se estudios de miel School con magnincas
1230 1997 2104 2059 motas. Adelante que el porvenir es de los que estudia.
1298 2044 2104 2109 En el Asilo de Niñas de Santurce han tenido lugar
1233 2092 1946 2157 los ejercicios de graducción con motable enito.
1304 2134 2104 2199 A la Srta. Santela, su directora, nuestro parabien.
1301 2188 2110 2250 Por lo general, en toda la isla han venido dando las
1233 2238 1848 2297 mujeres los hotas más altos en el caber.
1307 2280 2104 2345 En Ponce obtuvo el Valedictory, la ya notable escri¬
1230 2337 1851 2393 tora y pensadora Srta Cariota Mendez.
1307 2376 2104 2435 El Salutadora Srta. Tabel Chardón, y Esa. Car¬
1236 2483 2110 2548 esclavizadas bajo las más inauditas condiciones, en las
1236 2543 1397 2596 los mi¬
322 2498 1200 2563 admirables actividades, y mujeres con capacidad mayor
325 2549 1122 2611 para sobermar su luciendo que muelos propietarios.
394 2603 1191 2659 Tenemos mujeres letradas; pero aún no se les per¬
313 2650 1197 2709 mite postalor en las cortes porque la mayor parte de las
316 2692 1191 2754 mujeres de las clases altas van cubiertas o estin in pur¬
319 2749 620 2799 la bajo el velos.
400 2797 1197 2856 Una mujer india fué la profesora de Sanscrito en
325 2853 737 2903 la universidad de Octora.
394 2901 1194 2960 Otra daba mítines en el Africa del Sur para ayudar
310 2946 1200 3008 sus compañeros a adquir más libertades con su amu¬
316 2994 1200 3053 da, consignio libertar so coo mujeres indias que estaban
1304 2576 2107 2638 Mrs. Anie Besante está ansiosa de cue se les conce¬
1238 2621 2122 2686 la la franquicia del voto a las mujeres inas; pero con¬
1244 2665 2113 2730 prende que dele educirceles más para que puedan hacer
1236 2710 2113 2775 buen no de mujer que se pondia en sus manos, los
1244 2752 2110 2823 preficios de clases y castas son obstículos que retaria¬
1238 2797 2113 2862 ran todavía los progreos de la mujer en el lejano orien¬
1238 2844 2110 2909 te donde el queño pritanto hace lo posible por de¬
1247 2886 2116 2954 prtar quellos pueblos dormidos, y traerlos a la vida
1238 2943 1662 2999 civilizado de muestros días.
1728 2982 2051 3035 LA REDACCION.
1035 3158 1453 3211 Ayuntamiento de Madrid
