2479 3508
343 564 1128 617 MEDITACIONES DE AMADO NERVO
364 734 1179 796 El proverbio persa dijo: "no hieras a la mujer ni
298 779 1704 846 con el palo de una poso yo te digo, no la horas ni de las mujeres hay algo quino.
298 826 626 882 con el pensamiento.
367 871 1176 930 joven o viera, fen o bella, frivola o sustera, mala o
292 913 1044 975 buena, la mujer ente siempre el secreto de pos.
373 958 1170 1020 Si el pavero tiene un in claro enidente imesa¬
292 1005 1170 1064 De que está al margen de las flositas, es án es la
1221 567 2086 628 vida la Vida, única doctora que explicará el Misterio, y
1212 611 2089 667 la peretación de la vida fue conada por el ser de los
1215 656 1495 709 Seros a la mujer.
1283 701 2060 760 La mujer es la sola colaboración efectiva de Dios.
1286 743 2086 802 Su crue no es como nuestra carne En la mis un
1283 835 2089 891 Dios mismo ha encendido las estrelas de sus ojos
1212 880 1406 930 resistibles.
1286 925 2089 984 El destino encarna en su voluntad, y si el amor de
1212 967 2086 1029 Dios se prece a algo en este mundo, es sin duda sene¬
1215 1020 1662 1070 junte al amor de las madres.
295 1193 409 1243 la isla.
364 1244 1176 1300 La mujer venciendo en las lides de la inteligencia.
286 1292 895 1345 one drá a esto don Andrés Cobera
367 1340 1176 1399 Nada, desengáñense los hombres presuntuosos, no
289 1385 1164 1441 consiste en el tamaño de cerebro el tener más o menos
292 1429 1164 1491 inteligencia Los cerebros de eletante y rinocente,
286 1474 1161 1536 son más pecados que los del hombre, y ya ven ustedes.
292 1540 674 1596 Julia Reves Ruiz.
367 1588 1167 1644 Una prueba de que la mujer puertorriqueña es
286 1632 1170 1688 adantable a todos los progresos lo es la Srta. Jula me¬
292 1680 1161 1733 es que consagrando su inteligencia y actividades al co¬
286 1722 1122 1778 mercio, ha logrado vencer por en tener voluntad.
358 1776 1167 1829 En la Plaza Baldorioto tiene hoy esta señorita dos
286 1817 1161 1873 tiendas rue pio sore La mor de la En ambos en¬
286 1862 1164 1918 cuentra el público preciosidades, productos de la indus¬
292 1907 498 1963 ria del país.
292 1146 1173 1205 mita Toro. En Rio Piedras la Srta. Vila, y así en toda
280 1976 797 2029 Kermese en Rio Piedras.
358 2023 1161 2076 Hermosa es la que se ha celebrado en los preciosos
289 2068 1167 2118 jardines de la Contalecencia, con el objeto de repara la
292 2116 767 2166 losin catolica de esta ciudad.
280 2176 641 2232 Los Estudiantes.
361 2224 1167 2274 Está Rio Piedras lleno de maestros de la isla que
274 2268 1158 2318 han venido a mejorar sus ticulos que vean cumplidos
280 2313 1161 2366 sus nobles desos. En ellos está la esperanza de la pa¬
286 2358 367 2411 in¬
286 2421 462 2474 Obitos
361 2462 1167 2518 Don Pedro de Angelis nos ha dejado para siempre;
283 2507 1161 2560 se helador incansable civos esfueros nieron siempre
280 2549 898 2605 ratar la personalidad puertorriqueña.
316 2603 1059 2656 Alma luz, modelo de ciudadanos y de patriotas.
355 2653 1158 2709 A nuestra querida María Luisa, y a toda su familia
277 2701 612 2751 mestra condolencia.
358 2749 1164 2805 También la damos a las familias de doña Emilia
280 2797 907 2853 Rominez de Materer muerta en Cuba.
352 2842 1158 2897 A la de don vietor puret talecido en fumaca,
280 2883 826 2939 cuando sun le onrela la juventad.
358 2940 1155 2993 A la del señor Magino, de Santurce con cuyos fa-
283 2982 862 3035 miliares nos une una buena amistad.
352 3030 1161 3083 También ha dejado de existir en Ponce, don J.
1215 1152 2086 1211 Llores Echavarría, escritor y compañero muy estimado.
1218 1199 2083 1255 A su hia Canidad y demás familia, nuestro sentido pe¬
1212 1244 1304 1297 me.
1286 1298 2083 1351 Otro abogado, Don Arturo Aponte Rodriguez falle¬
1215 1343 2030 1399 ció en humano. Nuestra condolencia á la familia.
1206 1397 1549 1449 Pomada Pelita.
1277 1444 2089 1500 Ha tenido un esito admirable en Nueva Yor, el
1209 1486 2086 1545 no de la pomada RELITA, que convierte a la mujer en
1206 1534 2083 1590 ma bella rosa nelado de abrir, pues den el entis im-
1212 1579 2080 1638 po de toda mela e impurea También ente un es¬
1215 1626 2083 1682 pecinco para el bello pon Todoro Aguilar, el cual
1206 1671 1788 1727 completa la hermosura de la mujer.
1200 1725 1734 1778 Para los Estados Unidos.
1280 1764 2080 1817 de embarearon las potesoras María y mortensi¬
1218 1809 2080 1862 vanderal pupresa nietas de nuestra preciora pue¬
1200 1856 1298 1909 inte.
1200 1913 1725 1966 Puertorriqueñas eruditas.
1277 1958 2074 2011 son las que leen y consultan el Diccionario Encielo¬
1209 2006 2080 2059 patro Hamno americano, es momento del ser
1206 2050 2083 2100 humano que no debe faltar en los casas de la madre¬
1200 2092 2080 2145 de famila. Levenolo constantemente se adquiere ilus¬
1200 2140 1504 2193 pación amplisma.
1271 2188 2074 2241 Por 85 al mes puede adquirirse hoy. Pueden diri¬
1200 2238 2009 2291 pree a mestra prectora los que desen admirlo.
1203 2295 1388 2345 Saludo
1274 2331 2080 2384 Lo damos muy afectuoso al notable escritor españo.
1203 2373 2074 2429 se Liares mas que es hoy nuestro huena, I.
1203 2421 2080 2477 RALDO DE LA MUJER le desa un gran esito en esta
1200 2468 1913 2518 tierra amante de las letas y de todo lo pelo.
1197 2525 1642 2578 Sombreros preciosos
1271 2564 2077 2617 Los encontrarán las damas que nos visitan, en casa.
1197 2609 2071 2662 de qusta y de Senira los tiendas de moda en San Jum¬
1194 2668 1564 2721 Sánchez Morales.
1271 2701 2074 2760 Los precera magnincos pianos, y a precios muy con¬
1197 2752 1639 2805 venientes. Pruela hace fe.
1194 2812 1465 2865 Suplicamos.
1274 2850 2080 2906 A las subscriptoras nos hagan efectivo, los recibos
1206 2895 2080 2954 me enviamos, pues hoy la imprenta ha aumentado sus
1203 2949 1328 3005 precios.
946 465 1453 521 HERALDO DE LA MUJER
1041 3164 1462 3217 Ayuntamiento de Madrid
1579 3030 2006 3080 Margarita DEL PRADO.
