2479 3508
1050 435 1570 494 HERALDO DE LA MUJER.
889 570 1761 634 Gona bue rorever
486 1182 1203 1243 Hizo sonar el timbre, y se presentó Marcola.
498 1232 1280 1303 —Trieme el traje de jardín de muselina azul, y
414 1277 1283 1339 vete a buscarme la mis bella sa Bancia que encuen¬
409 1319 489 1378 tes.
483 1376 1286 1438 Serían las tres, cuando Irma, hermosa cono la mis¬
403 1420 1286 1482 ma venus har al jardin con sa sombrilla de tafeta,
403 1465 1155 1527 ma, y la hemosa prancia prendido en su no.
480 1519 1283 1578 Le devoraba la impaciencia. ¿Por qué el tiempo no
400 1561 785 1617 erreta, más velo?..
477 1614 1274 1676 Limpiando los labios con su pañuelo de fina batista,
397 1659 1274 1721 rromía las calles del jardin con paso apresurado, cual si
400 1704 1074 1763 fuera a salirle al encuentro a la pelicitad.
498 1758 976 1811 ¡Qué horrible es esperar....
471 1809 1277 1867 Por fin el galopar de un caballo se dejó oir, y su co¬
397 1847 1268 1912 ron lario con viotencia Escondide detrás de un mato¬
403 1895 1271 1957 mal, y mir al camino sunto ciel era don Pedro¬
400 1940 1274 2005 que venta como un babieca mirando á los halones de su
397 1985 483 2038 casa.
489 2032 1277 2100 Que no me vea, que no me vea se dijo y escon¬
397 2077 916 2139 que aún más entre los abustos.
483 2131 1271 2196 —Majadero —Por fin ya pasó. Creí que se le iba
394 2176 1277 2241 ocurrir venir a vistarme, con lo que me hubiera hecho
397 2224 653 2276 ma no servicio.
468 2268 1122 2327 Miró su relo; el cual marcaba las cuatro.
465 2316 1277 2381 Una agitación nerviosa recorrió todo su cuerpo; se
391 2364 1197 2423 entraron sus pies y sus manos y su rostro enrojecia.
483 2418 907 2474 Dios mío, si no vendra
462 2459 1268 2527 Tomaba las más bellas rosas y las deshojaba maqui¬
391 2513 1259 2572 minente morla el pajuelo, anala de prisa un to
391 2558 1268 2620 y se detenta de pronto tratando de percibir los ruilos
382 2600 570 2656 del camino.
486 2653 1262 2715 Nada, no viene!.... y poniéndose pálida cayó
376 2695 1256 2760 destablecida en uno de los pojos del jaran favolun¬
382 2740 1253 2805 tariamente las lágrimas indaron sus meis. Cu¬
385 2788 1122 2847 briose los pros en el maguelo y quede abstatia.
456 2842 1256 2900 A poco de estar así sintió un tenue ruido de pasos
376 2883 1256 2948 sus espaldas y una vor bien conocida murmuro en su
376 2925 474 2981 pido:
495 713 1301 769 Leopodo respetó aquella preocupación, y salió a ca¬
417 749 850 808 balo á volten la hacienda.
489 805 1292 864 Las horas pasaban lentas, y ella con las manos cru¬
417 841 1292 906 nadas pobre los quilas relinada en un silen de mi¬
417 892 1295 954 pre, contemplaba altada las males pla prensi¬
417 934 1295 996 en del cielo gran que quisada desde el balconcito de su¬
417 982 531 1035 alcana.
492 1035 1119 1091 ¿Qué tendrá que decirme. pensaba.
489 1086 1283 1148 Por fin el relor de su mesa de noche, que un amor¬
414 1128 994 1187 cillo dorado suietala mare las dos
1403 716 2209 781 Saltó del asiento, y a la palidez mate sucedió el ru¬
1331 758 1642 820 bor de la sorpres.
1415 811 1665 870 —Es V.....
1412 862 2209 927 —Sí, Irma. Le prometí venir, y ya ud, ve como
1325 907 1633 966 cumplo mi palabra.
1409 955 2203 1026 Y tomándole Wiliam cariñosamente ambas manos,
1331 1005 1818 1061 comenzo a bosulos con frenes.
1397 1056 1943 1118 ¡Ah, estaba Ud. llorando, Irma
1397 1110 1877 1169 Luego.... me ama Ud.....!
1403 1161 2209 1226 Volvió a ponerse pálida la joven, y bajó los ojos con
1328 1211 1680 1264 profunda emoción.
1400 1259 2200 1318 Sentose William familiarmente a su lado, y levan¬
1325 1301 2197 1363 tando con respeto aquella hermosa cabeza, quedose mi¬
1328 1349 2191 1411 rando aquellos unos ojos preñados de lágrimas y..
1319 1391 1916 1455 al mundo desparecito para ellos.
1388 1444 2200 1506 En la calma de aquella hermosa tarde tropical, sólo
1316 1489 2194 1551 se peribia el rumor de apasionados besos mercado al
1325 1534 2200 1599 sustrar de los malmeras y los mangos cariciados por la
1322 1585 1865 1641 juguetona brisa del tardecer.
1391 1632 2191 1691 Pasada la primera explosión del sentimiento. Vi¬
1325 1677 2191 1736 han por un efueron de su poterosa voluntad, se sobe¬
1325 1725 2194 1787 pues a la pasión que le inspiraba aquella hermosa mujer.
1316 1773 1833 1826 y en extremo conocido, le dijo¬
1424 1817 2197 1882 He venido aquí, a dar á V. un adiós eterno, y ya
1322 1862 1800 1921 y se eni ni puedo hablar.
1406 1910 2140 1969 Se casa V. Wiliame bien me lo figuraba!
1409 1958 2191 2023 Es preciso que pensemos con juicio, Irma; ni V.
1319 2003 2191 2068 es una niña, ni vo lo soy tamoro. Seamos sineros.
1313 2047 2191 2112 Delo y toda la veriada y voya decirela, sin ambages.
1400 2101 2188 2163 —Yo desde hace mucho tiempo, amaba a V. antes
1310 2143 2188 2208 de ime para Nuera Yonte he dos años y sabia que yo
1307 2191 2179 2253 la amala pero y habia envintado hacía poco, y yo de¬
1310 2238 1645 2291 ha respetar su amor.
1376 2289 2185 2351 Alla, como era natural, hice estrecha amistad con la
1307 2334 2185 2396 familia de Mr. Ruiento el ocio de mi padre y V. sabe¬
1304 2379 1833 2438 que Linian soren es so obrin¬
1355 2430 2179 2494 Esta joven ni es rica; V. quizás lo sea más que ella,
1301 2474 1731 2533 ni es tan hermosa como V.
1373 2525 2179 2590 Pero conviene a los intereses de mi padre que Mr.
1307 2570 2173 2632 Ruien se ene con ella porque se ama, y que yo me¬
1304 2612 2179 2680 depose con Mis stora y ya es un comproniso formal.
1301 2659 2176 2724 ente ambos famillas: esta mi palabra empeñada y mo
1307 2710 1624 2760 puedo volvera atras.
1367 2758 2176 2820 Irma apovó su cabeza en el pecho del joven, y ar¬
1298 2803 2176 2865 dientes lágrimas bajaron su expresivo y simpático postro.
1376 2850 2176 2915 —Por Dios, Irma, no llore así pues va V. a dar
1295 2895 2176 2963 al traste con mi valor, y hoy ya quedaría deshonrado si
1295 2943 1633 2999 faltara a mi palabra
1388 2997 2173 3062 —Está bien. William, cumpla V. su compromiso.
1038 3158 1450 3211 Ayuntamiento de Madrid
