2479 3508
994 456 1492 509 HERALDO DE LA MUJER
412 638 1224 694 Mas, una cosa nada más espero del caballero. Res¬
340 686 776 739 pondame con entera lentad.
417 731 797 784 Ana V. Más sora:
444 773 1224 831 No va V. a comprenderme frma, porque vás las
343 817 1218 876 mujeres sienten el amor de un modo distinto que moso¬
346 862 426 915 tos.
414 910 1224 966 Sí, la amo, con un amor tranquilo y bendito que me¬
340 952 1227 1008 inspira la bondad de su corazón sencillo, y la admiración
346 996 1221 1055 de en enturada inteligencia pues Lilian es sumamente
340 1041 1224 1100 ilustrada, a leer de sus venicatro años Es ductora
340 1086 1212 1145 en ciencias es nuta y en medio de esa educación me¬
340 1131 1221 1190 riema desenvuelta, que adquiere al la mujer, es tan
340 1173 931 1235 ensible y gradora como ina larna.
432 1220 1221 1279 Lico.—dijo la vida, apartinose de el con
343 1268 1152 1321 desecho hogo. nunca me la amado ba mi¬
420 1313 1227 1366 con ima La mo a ba en locura a es
340 1355 1218 1411 ni pasión a la mujer que me he estremecer que
343 1399 1212 1458 miner todos los mbras de mi en que me entonce.
340 1447 853 1500 me me arrebata, hasta el derrio
420 1492 1218 1545 Y apoderándose otra vez de su bello rostro. se
343 1534 1095 1593 mieron sus labios en un beso largo. lago.
420 1582 1212 1635 Cuando despertaron de es sueño de amor las son¬
340 1626 1212 1682 bras de la noche entan sobre la naturaleza, y se on el
349 1677 1212 1727 alonar del caballo de Lempoido que venta de en trabajo¬
417 1716 1224 1769 precio es separamos lma vo para olvidaria á
352 1758 1221 1814 La parto para princia dentro de dos nos venando mas
346 1806 1221 1859 nervios se havan calmado, y esta masión se entible con la
340 1847 1215 1900 ustencia, je Nura el val me demente en la
340 1892 1215 1945 ran la que ero me hara el pues las dotes de su inge¬
343 1940 880 1993 no supirin el fuero del coran¬
417 1991 1185 2044 Olvideme de también, Irma, y procurre ser feliz.
441 2032 1221 2088 con pue tores dijo la buscamente he¬
343 2083 1089 2136 nandos en la alamela que conducta á su hogar.
420 2134 1221 2184 miliam la vió marchar tranquilamente al parecer.
340 2176 1215 2229 enciéndose de hombros volvise a la Mumnia a pie¬
343 2224 647 2274 como había venido.
417 2268 901 2318 Mas, triste y pesaroso se decía;
340 546 2128 611 Sea U. feliz, y quede el dolor y las lágrimas sólo para sario tener juicio y pensar, que no es esta la mujer a pro¬
1262 602 2137 655 peto para compartir mi vida, ni para educar mañana a
1253 644 1418 697 mis hijos.
1256 841 1943 894 SUSCRIBASE Y ANUNCIESE EN
1504 904 2116 960 HERALDO DE LA MUJER
1358 1014 2134 1067 Todo puertorriqueño que ame su patria,
1262 1053 2134 1112 debe ayudar a las mujeres que honran a su país
1265 1101 2134 1157 demostrando su cultura y la de su tierra. Al
1259 1149 2131 1205 donde la mujer se ocupa de cosas del espiritu¬
1262 1193 1749 1243 al hay progreso positivo,
1301 1247 2006 1300 No nos ayudará Ud? Subscribase.
1301 1340 2092 1390 MEDITACIONES DE AMADO NERVO
1331 1444 2063 1503 En cuanto caiga la noche, enciende tu lámpara.
1331 1501 2134 1554 No permanezcas en la oscuridad. Enciende cuida¬
1262 1546 1621 1596 dosamente tu lámpara.
1337 1594 2137 1647 El viajero que pase, dirá: cuanto reposo deberá
1259 1638 1851 1694 haber cerca de esa luz, y enta par.
1337 1689 2140 1745 La mujer solitaria que la distingue de lejos, pensará
1262 1725 2128 1787 un del anuar el amor los que se quieren son bana¬
1262 1776 1785 1832 los por el mismo fulgor blando.
1331 1829 2131 1882 El niño que la contemple, exclamara: tal vez hay
1265 1877 2137 1930 niños en redor de la mesa y len bellos cuentos y mira
1253 1922 1639 1975 maravillosas estampas.
1331 1976 2137 2029 El ladrón furtivo murmura con recelo: allí vive un
1262 2023 2128 2076 hombre prevenido á quien no se puede alacar a man¬
1262 2071 1367 2121 salva.
1331 2119 2131 2172 Muchos, al internarse en la selva, se sentirán con¬
1262 2164 1573 2217 fortados por tu luz.
1334 2215 2137 2268 En verdad te digo que es misericordioso, a las pri¬
1262 2259 2125 2315 meras sombras, encener nuestra lámpara de que el pa¬
441 2307 1889 2369 pobre lima me ama con pasión, pero es necer de ha provisto al caminante en la vida.
1035 3164 1453 3217 Ayuntamiento de Madrid
374 2514 2121 2568 Lo mas necesario para su Hogar
558 2653 1922 2706 Es un buen equino de cocina¬
406 2764 2095 2823 Nosotros le ofrecemos lo más Moderno en este Ramo.
1038 2883 1468 2936 VISIENOS
1483 2991 1898 3041 LILA
510 2997 1301 3053 RERRTERIA
