2479 3508
880 561 1877 620 F. Ca a co¬
829 668 1913 721 San Francisco Esquina San lusto.
904 931 1979 981 llegados ahora por este correo, esta casa tiene
770 1002 1976 1055 un esplendido surtido de frajes preciosos de Corte Mo¬
767 1080 1961 1130 derno. Telas primorosas de Crepé de la China, etami¬
767 1155 1958 1208 na Georgette. Punto, afeta, combinado todo con cres¬
776 1232 1003 1285 pón aéreo.
901 1316 1979 1366 Vengan a esta casa las más bellas flores del pen¬
764 1397 1976 1447 sil riqueño, y saldrán más bellas con tan rico atrerzo.
1268 1597 1447 1647 —
1528 1603 1928 1661 Puerto Rico.
826 1608 1137 1664 San Juan,
1928 1743 2029 1803 N
662 1746 913 1799 e
277 1749 388 1802 e
310 1907 1958 1957 biado un Higiita, iggura y al¬
641 2015 1609 2076 Para los Es tudiar to¬
361 2122 1904 2175 Español para los Americanos
650 2218 1606 2274 Por na oque de upren.
1576 2292 1991 2345 FTO, Rico.
211 2304 797 2354 ARIO PEDRAS
229 2432 2009 2485 FRITRIRIRIRIRIIIIIIIIIIIIIIRIRIRIRIRIIIIRIRIRIRIRIIIRIRIRIRIRITIRIRIRIRITIRIRIRA RIIIIIIIIRIRIRIRIRIRIRIRIRIIIIIIIIIIIIIII.
385 2543 1865 2596 ARA VILLO IVE
382 2673 2023 2727 Si quiere usted tener su pelo lacio, brillante y sedoso, y conservar su cabeza sana
229 2740 2030 2796 al mismo tiempo, use el procedimiento y productos de Mme. C. I. Waller, los cuales y
223 2812 2021 2868 representa en Puerto Rico el señor T. Aguilar, productos que se venden hoy en la quin¬
244 2874 1976 2927 calla más popular de San Juan, la de Germán Díaz Hermano, situada en ln calle de
226 2946 958 2996 San lusto esquina á la de la Luna.
1821 2982 1937 3035 Advt.
1035 3194 1456 3244 Ayuntamiento de Madrid
