2479 3508
1071 620 1528 685 PANOS
665 844 1908 924 A NAL
710 2029 1937 2106 Esta marca de pianos tiene va una sólida reputación en Puerto Rico
597 2077 1931 2157 Asi lo demuestran los muchos testimonios que nos han enviado personas, cono¬
600 2134 1937 2208 cedoras, y las cartas satisfactorias escritas por un gran número de poseedores
591 2185 1931 2262 de pianos "Hovarde, que lo han usado por largo tiempo. Los pianos que ven¬
594 2235 1937 2315 demos en Puerto Rico son fabricados especialmente para los tropicos. El piano
612 2289 1931 2369 Hoyarde es popularísimo en Cuba. Artistas de fama mundial lo han elogiado.
701 2340 1937 2420 Pida usted todos los informes que desee sobre precios al contado y a
594 2397 1928 2471 plazos a "La Casa Que Vende lo Mejor. Fieles a nuestro lema, vendemos el
597 2447 1931 2521 piano "Hovarde en la seguridad de dejar complacidos a los que deseen obtener
585 2498 1119 2554 un buen piano a precio modico.
582 2615 1925 2697 Sanene morales á go, ine¬
812 2722 1692 2793 LA CASA QUE VENDE LO MEIOR
570 2821 880 2874 SAN JUAN
1134 2830 1343 2892 PONCE
1573 2844 1922 2903 MAYAGUEZ.
1038 3182 1465 3235 Ayuntamiento de Madrid
